{"id": "gen8randombattle-1874488440", "p1": "533mm", "p2": "vaporeonishocsa", "format": "[Gen 8] Random Battle", "log": "|inactive|Battle timer is ON: inactive players will automatically lose when time's up.\n|j|\u2606533mm\n|j|\u2606vaporeonishocsa\n|t:|1685500960\n|gametype|singles\n|player|p1|533mm|169|\n|player|p2|vaporeonishocsa|firebreather|\n|teamsize|p1|6\n|teamsize|p2|6\n|gen|8\n|tier|[Gen 8] Random Battle\n|rated|Tournament battle\n|rule|Species Clause: Limit one of each Pok\u00e9mon\n|rule|HP Percentage Mod: HP is shown in percentages\n|rule|Sleep Clause Mod: Limit one foe put to sleep\n|rule|Blitz: Super-fast timer\n|\n|t:|1685500960\n|start\n|switch|p1a: Victini|Victini, L78|283/283\n|switch|p2a: Kommo-o|Kommo-o, L80, F|251/251\n|turn|1\n|inactive|533mm also wants the timer to be on.\n|inactive|vaporeonishocsa has 30 seconds left.\n|inactive|533mm has 30 seconds left.\n|\n|t:|1685500979\n|switch|p2a: Reuniclus|Reuniclus, L84, M|322/322\n|move|p1a: Victini|U-turn|p2a: Reuniclus\n|-supereffective|p2a: Reuniclus\n|-damage|p2a: Reuniclus|216/322\n|\n|t:|1685500983\n|switch|p1a: Landorus|Landorus, L76, M|260/260|[from] U-turn\n|\n|upkeep\n|turn|2\n|inactive|vaporeonishocsa has 10 seconds left.\n|\n|t:|1685500990\n|move|p1a: Landorus|Stealth Rock|p2a: Reuniclus\n|-sidestart|p2: vaporeonishocsa|move: Stealth Rock\n|move|p2a: Reuniclus|Recover|p2a: Reuniclus\n|-heal|p2a: Reuniclus|322/322\n|\n|upkeep\n|turn|3\n|\n|t:|1685500993\n|move|p1a: Landorus|Rock Slide|p2a: Reuniclus\n|-damage|p2a: Reuniclus|219/322\n|move|p2a: Reuniclus|Calm Mind|p2a: Reuniclus\n|-boost|p2a: Reuniclus|spa|1\n|-boost|p2a: Reuniclus|spd|1\n|\n|upkeep\n|turn|4\n|\n|t:|1685500995\n|move|p1a: Landorus|Rock Slide|p2a: Reuniclus\n|-damage|p2a: Reuniclus|109/322\n|move|p2a: Reuniclus|Recover|p2a: Reuniclus\n|-heal|p2a: Reuniclus|270/322\n|\n|upkeep\n|turn|5\n|\n|t:|1685500998\n|move|p1a: Landorus|Rock Slide|p2a: Reuniclus\n|-crit|p2a: Reuniclus\n|-damage|p2a: Reuniclus|105/322\n|move|p2a: Reuniclus|Calm Mind|p2a: Reuniclus\n|-boost|p2a: Reuniclus|spa|1\n|-boost|p2a: Reuniclus|spd|1\n|\n|upkeep\n|turn|6\n|\n|t:|1685501002\n|move|p1a: Landorus|Rock Slide|p2a: Reuniclus\n|-damage|p2a: Reuniclus|10/322\n|move|p2a: Reuniclus|Recover|p2a: Reuniclus\n|-heal|p2a: Reuniclus|171/322\n|\n|upkeep\n|turn|7\n|\n|t:|1685501004\n|move|p1a: Landorus|Rock Slide|p2a: Reuniclus\n|-damage|p2a: Reuniclus|71/322\n|move|p2a: Reuniclus|Recover|p2a: Reuniclus\n|-heal|p2a: Reuniclus|232/322\n|\n|upkeep\n|turn|8\n|\n|t:|1685501006\n|move|p1a: Landorus|Rock Slide|p2a: Reuniclus\n|-damage|p2a: Reuniclus|131/322\n|move|p2a: Reuniclus|Recover|p2a: Reuniclus\n|-heal|p2a: Reuniclus|292/322\n|\n|upkeep\n|turn|9\n|\n|t:|1685501009\n|move|p1a: Landorus|Rock Slide|p2a: Reuniclus\n|-damage|p2a: Reuniclus|182/322\n|move|p2a: Reuniclus|Calm Mind|p2a: Reuniclus\n|-boost|p2a: Reuniclus|spa|1\n|-boost|p2a: Reuniclus|spd|1\n|\n|upkeep\n|turn|10\n|\n|t:|1685501011\n|move|p1a: Landorus|Rock Slide|p2a: Reuniclus\n|-damage|p2a: Reuniclus|75/322\n|move|p2a: Reuniclus|Recover|p2a: Reuniclus\n|-heal|p2a: Reuniclus|236/322\n|\n|upkeep\n|turn|11\n|\n|t:|1685501014\n|move|p1a: Landorus|Rock Slide|p2a: Reuniclus\n|-damage|p2a: Reuniclus|137/322\n|move|p2a: Reuniclus|Recover|p2a: Reuniclus\n|-heal|p2a: Reuniclus|298/322\n|\n|upkeep\n|turn|12\n|inactive|533mm has 10 seconds left.\n|inactive|533mm has 5 seconds left.\n|\n|t:|1685501024\n|move|p1a: Landorus|Rock Slide|p2a: Reuniclus\n|-damage|p2a: Reuniclus|190/322\n|move|p2a: Reuniclus|Calm Mind|p2a: Reuniclus\n|-boost|p2a: Reuniclus|spa|1\n|-boost|p2a: Reuniclus|spd|1\n|\n|upkeep\n|turn|13\n|inactive|533mm has 10 seconds left this turn.\n|\n|t:|1685501027\n|switch|p1a: Tyranitar|Tyranitar, L78, F|284/284\n|-weather|Sandstorm|[from] ability: Sand Stream|[of] p1a: Tyranitar\n|move|p2a: Reuniclus|Recover|p2a: Reuniclus\n|-heal|p2a: Reuniclus|322/322\n|\n|-weather|Sandstorm|[upkeep]\n|upkeep\n|turn|14\n|inactive|vaporeonishocsa has 10 seconds left.\n|\n|t:|1685501033\n|move|p1a: Tyranitar|Crunch|p2a: Reuniclus\n|-supereffective|p2a: Reuniclus\n|-damage|p2a: Reuniclus|98/322\n|move|p2a: Reuniclus|Focus Blast|p1a: Tyranitar\n|-supereffective|p1a: Tyranitar\n|-damage|p1a: Tyranitar|0 fnt\n|faint|p1a: Tyranitar\n|\n|-weather|Sandstorm|[upkeep]\n|upkeep\n|inactive|533mm has 10 seconds left.\n|\n|t:|1685501040\n|switch|p1a: Landorus|Landorus, L76, M|260/260\n|turn|15\n|inactive|vaporeonishocsa has 10 seconds left.\n|\n|t:|1685501045\n|-start|p2a: Reuniclus|Dynamax|\n|-heal|p2a: Reuniclus|196/644|[silent]\n|move|p1a: Landorus|Rock Slide|p2a: Reuniclus\n|-damage|p2a: Reuniclus|89/644\n|move|p2a: Reuniclus|Max Mindstorm|p1a: Landorus\n|-crit|p1a: Landorus\n|-damage|p1a: Landorus|0 fnt\n|-fieldstart|move: Psychic Terrain\n|faint|p1a: Landorus\n|\n|-weather|Sandstorm|[upkeep]\n|upkeep\n|inactive|533mm has 10 seconds left.\n|\n|t:|1685501051\n|switch|p1a: Victini|Victini, L78|283/283\n|turn|16\n|\n|t:|1685501054\n|move|p1a: Victini|U-turn|p2a: Reuniclus\n|-supereffective|p2a: Reuniclus\n|-damage|p2a: Reuniclus|0 fnt\n|faint|p2a: Reuniclus\n|\n|t:|1685501056\n|switch|p1a: Azelf|Azelf, L82|257/257|[from] U-turn\n|\n|-weather|Sandstorm|[upkeep]\n|-damage|p1a: Azelf|241/257|[from] Sandstorm\n|upkeep\n|\n|t:|1685501059\n|switch|p2a: Dragapult|Dragapult, L78, F|265/265\n|-damage|p2a: Dragapult|232/265|[from] Stealth Rock\n|turn|17\n|\n|t:|1685501063\n|switch|p1a: Morpeko|Morpeko, L86, M|240/240\n|move|p2a: Dragapult|Shadow Ball|p1a: Morpeko\n|-resisted|p1a: Morpeko\n|-damage|p1a: Morpeko|165/240\n|\n|-weather|none\n|-heal|p1a: Morpeko|180/240|[from] item: Leftovers\n|-formechange|p1a: Morpeko|Morpeko-Hangry||[from] ability: Hunger Switch\n|upkeep\n|turn|18\n|inactive|533mm has 10 seconds left.\n|inactive|vaporeonishocsa has 10 seconds left.\n|\n|t:|1685501071\n|switch|p2a: Sawk|Sawk, L86, M|269/269\n|-damage|p2a: Sawk|253/269|[from] Stealth Rock\n|-ability|p2a: Sawk|Mold Breaker\n|move|p1a: Morpeko|Rapid Spin|p2a: Sawk\n|-damage|p2a: Sawk|212/269\n|-boost|p1a: Morpeko|spe|1\n|\n|-heal|p1a: Morpeko|195/240|[from] item: Leftovers\n|-formechange|p1a: Morpeko|Morpeko||[from] ability: Hunger Switch\n|upkeep\n|turn|19\n|inactive|533mm has 10 seconds left.\n|inactive|vaporeonishocsa has 10 seconds left.\n|\n|t:|1685501081\n|move|p1a: Morpeko|Protect|p1a: Morpeko\n|-singleturn|p1a: Morpeko|Protect\n|move|p2a: Sawk|Close Combat|p1a: Morpeko\n|-activate|p1a: Morpeko|move: Protect\n|\n|-heal|p1a: Morpeko|210/240|[from] item: Leftovers\n|-fieldend|move: Psychic Terrain\n|-formechange|p1a: Morpeko|Morpeko-Hangry||[from] ability: Hunger Switch\n|upkeep\n|turn|20\n|inactive|vaporeonishocsa has 10 seconds left.\n|\n|t:|1685501087\n|switch|p1a: Gourgeist|Gourgeist-Small, L84, M|230/230\n|-item|p2a: Sawk|Life Orb|[from] ability: Frisk|[of] p1a: Gourgeist|[identify]\n|move|p2a: Sawk|Knock Off|p1a: Gourgeist\n|-supereffective|p1a: Gourgeist\n|-damage|p1a: Gourgeist|58/230\n|-enditem|p1a: Gourgeist|Leftovers|[from] move: Knock Off|[of] p2a: Sawk\n|-damage|p2a: Sawk|186/269|[from] item: Life Orb\n|\n|upkeep\n|turn|21\n|inactive|533mm has 10 seconds left.\n|\n|t:|1685501093\n|move|p1a: Gourgeist|Poltergeist|p2a: Sawk\n|-activate|p2a: Sawk|move: Poltergeist|Life Orb\n|-damage|p2a: Sawk|75/269\n|move|p2a: Sawk|Knock Off|p1a: Gourgeist\n|-supereffective|p1a: Gourgeist\n|-damage|p1a: Gourgeist|0 fnt\n|faint|p1a: Gourgeist\n|-damage|p2a: Sawk|49/269|[from] item: Life Orb\n|\n|upkeep\n|\n|t:|1685501097\n|switch|p1a: Morpeko|Morpeko, L86, M|210/240\n|turn|22\n|\n|t:|1685501099\n|move|p1a: Morpeko|Aura Wheel|p2a: Sawk\n|-damage|p2a: Sawk|0 fnt\n|-boost|p1a: Morpeko|spe|1\n|faint|p2a: Sawk\n|\n|-heal|p1a: Morpeko|225/240|[from] item: Leftovers\n|-formechange|p1a: Morpeko|Morpeko-Hangry||[from] ability: Hunger Switch\n|upkeep\n|inactive|vaporeonishocsa has 10 seconds left.\n|\n|t:|1685501109\n|switch|p2a: Kommo-o|Kommo-o, L80, F|251/251\n|-damage|p2a: Kommo-o|236/251|[from] Stealth Rock\n|turn|23\n|inactive|533mm has 10 seconds left.\n|\n|t:|1685501114\n|switch|p1a: Victini|Victini, L78|283/283\n|move|p2a: Kommo-o|Close Combat|p1a: Victini\n|-resisted|p1a: Victini\n|-damage|p1a: Victini|215/283\n|-unboost|p2a: Kommo-o|def|1\n|-unboost|p2a: Kommo-o|spd|1\n|\n|-heal|p2a: Kommo-o|251/251|[from] item: Leftovers\n|upkeep\n|turn|24\n|\n|t:|1685501119\n|switch|p2a: Palossand|Palossand, L86, M|286/286\n|-damage|p2a: Palossand|269/286|[from] Stealth Rock\n|move|p1a: Victini|Glaciate|p2a: Palossand\n|-supereffective|p2a: Palossand\n|-damage|p2a: Palossand|171/286\n|-unboost|p2a: Palossand|spe|1\n|\n|-heal|p2a: Palossand|188/286|[from] item: Leftovers\n|upkeep\n|turn|25\n|inactive|533mm has 10 seconds left.\n|inactive|vaporeonishocsa has 10 seconds left.\n|\n|t:|1685501126\n|move|p1a: Victini|Energy Ball|p2a: Palossand\n|-supereffective|p2a: Palossand\n|-damage|p2a: Palossand|60/286\n|move|p2a: Palossand|Shore Up|p2a: Palossand\n|-heal|p2a: Palossand|203/286\n|\n|-heal|p2a: Palossand|220/286|[from] item: Leftovers\n|upkeep\n|turn|26\n|inactive|533mm has 10 seconds left.\n|\n|t:|1685501135\n|-start|p1a: Victini|Dynamax|\n|-heal|p1a: Victini|430/566|[silent]\n|move|p1a: Victini|Max Overgrowth|p2a: Palossand\n|-supereffective|p2a: Palossand\n|-damage|p2a: Palossand|40/286\n|-fieldstart|move: Grassy Terrain\n|move|p2a: Palossand|Shore Up|p2a: Palossand\n|-heal|p2a: Palossand|183/286\n|\n|-heal|p1a: Victini|447/566|[from] Grassy Terrain\n|-heal|p2a: Palossand|200/286|[from] Grassy Terrain\n|-heal|p2a: Palossand|217/286|[from] item: Leftovers\n|upkeep\n|turn|27\n|inactive|533mm has 10 seconds left.\n|inactive|vaporeonishocsa has 10 seconds left.\n|\n|t:|1685501143\n|switch|p2a: Delibird|Delibird, F|252/252\n|move|p1a: Victini|Max Overgrowth|p2a: Delibird\n|-resisted|p2a: Delibird\n|-damage|p2a: Delibird|185/252\n|\n|-heal|p1a: Victini|464/566|[from] Grassy Terrain\n|upkeep\n|turn|28\n|inactive|533mm has 10 seconds left.\n|inactive|vaporeonishocsa has 10 seconds left.\n|\n|t:|1685501151\n|move|p2a: Delibird|Rapid Spin|p1a: Victini\n|-damage|p1a: Victini|431/566\n|-boost|p2a: Delibird|spe|1\n|-sideend|p2: vaporeonishocsa|Stealth Rock|[from] move: Rapid Spin|[of] p2a: Delibird\n|move|p1a: Victini|Max Flare|p2a: Delibird\n|-supereffective|p2a: Delibird\n|-damage|p2a: Delibird|0 fnt\n|-weather|SunnyDay\n|faint|p2a: Delibird\n|\n|-weather|SunnyDay|[upkeep]\n|-heal|p1a: Victini|448/566|[from] Grassy Terrain\n|upkeep\n|inactive|vaporeonishocsa has 10 seconds left.\n|\n|t:|1685501159\n|switch|p2a: Dragapult|Dragapult, L78, F|232/265\n|-end|p1a: Victini|Dynamax\n|-heal|p1a: Victini|224/283|[silent]\n|turn|29\n|\n|t:|1685501164\n|move|p2a: Dragapult|U-turn|p1a: Victini\n|-damage|p1a: Victini|173/283\n|\n|t:|1685501166\n|switch|p2a: Palossand|Palossand, L86, M|217/286|[from] U-turn\n|move|p1a: Victini|Glaciate|p2a: Palossand\n|-supereffective|p2a: Palossand\n|-damage|p2a: Palossand|125/286\n|-unboost|p2a: Palossand|spe|1\n|\n|-weather|SunnyDay|[upkeep]\n|-heal|p1a: Victini|190/283|[from] Grassy Terrain\n|-heal|p2a: Palossand|142/286|[from] Grassy Terrain\n|-heal|p2a: Palossand|159/286|[from] item: Leftovers\n|upkeep\n|turn|30\n|inactive|533mm has 10 seconds left.\n|\n|t:|1685501172\n|move|p1a: Victini|Energy Ball|p2a: Palossand\n|-supereffective|p2a: Palossand\n|-damage|p2a: Palossand|0 fnt\n|faint|p2a: Palossand\n|\n|-weather|SunnyDay|[upkeep]\n|-heal|p1a: Victini|207/283|[from] Grassy Terrain\n|-fieldend|move: Grassy Terrain\n|upkeep\n|inactive|vaporeonishocsa has 10 seconds left.\n|\n|t:|1685501179\n|switch|p2a: Dragapult|Dragapult, L78, F|232/265\n|turn|31\n|\n|t:|1685501182\n|switch|p1a: Morpeko|Morpeko, L86, M|225/240\n|move|p2a: Dragapult|Shadow Ball|p1a: Morpeko\n|-resisted|p1a: Morpeko\n|-damage|p1a: Morpeko|147/240\n|\n|-weather|SunnyDay|[upkeep]\n|-heal|p1a: Morpeko|162/240|[from] item: Leftovers\n|-formechange|p1a: Morpeko|Morpeko-Hangry||[from] ability: Hunger Switch\n|upkeep\n|turn|32\n|inactive|533mm has 10 seconds left.\n|\n|t:|1685501187\n|switch|p2a: Kommo-o|Kommo-o, L80, F|251/251\n|switch|p1a: Azelf|Azelf, L82|241/257\n|\n|-weather|none\n|upkeep\n|turn|33\n|\n|t:|1685501191\n|move|p1a: Azelf|Dazzling Gleam|p2a: Kommo-o\n|-supereffective|p2a: Kommo-o\n|-damage|p2a: Kommo-o|0 fnt\n|faint|p2a: Kommo-o\n|-damage|p1a: Azelf|216/257|[from] item: Life Orb\n|\n|upkeep\n|\n|t:|1685501194\n|switch|p2a: Dragapult|Dragapult, L78, F|232/265\n|turn|34\n|inactive|vaporeonishocsa has 10 seconds left.\n|\n|t:|1685501199\n|move|p2a: Dragapult|U-turn|p1a: Azelf\n|-supereffective|p1a: Azelf\n|-damage|p1a: Azelf|102/257\n|move|p1a: Azelf|Dazzling Gleam|p2a: Dragapult\n|-supereffective|p2a: Dragapult\n|-damage|p2a: Dragapult|40/265\n|-damage|p1a: Azelf|77/257|[from] item: Life Orb\n|\n|upkeep\n|turn|35\n|inactive|533mm has 10 seconds left.\n|\n|t:|1685501205\n|move|p2a: Dragapult|U-turn|p1a: Azelf\n|-supereffective|p1a: Azelf\n|-damage|p1a: Azelf|0 fnt\n|faint|p1a: Azelf\n|\n|upkeep\n|\n|t:|1685501209\n|switch|p1a: Morpeko|Morpeko, L86, M|162/240\n|turn|36\n|\n|t:|1685501212\n|move|p1a: Morpeko|Protect|p1a: Morpeko\n|-singleturn|p1a: Morpeko|Protect\n|move|p2a: Dragapult|U-turn|p1a: Morpeko\n|-activate|p1a: Morpeko|move: Protect\n|\n|-heal|p1a: Morpeko|177/240|[from] item: Leftovers\n|-formechange|p1a: Morpeko|Morpeko-Hangry||[from] ability: Hunger Switch\n|upkeep\n|turn|37\n|\n|t:|1685501216\n|move|p2a: Dragapult|U-turn|p1a: Morpeko\n|-supereffective|p1a: Morpeko\n|-damage|p1a: Morpeko|53/240\n|move|p1a: Morpeko|Aura Wheel|p2a: Dragapult\n|-supereffective|p2a: Dragapult\n|-damage|p2a: Dragapult|0 fnt\n|-boost|p1a: Morpeko|spe|1\n|faint|p2a: Dragapult\n|\n|win|533mm\n|n|\u2606533mm|533mm\n|n|\u2606vaporeonishocsa|vaporeonishocsa\n", "inputlog": ">version d94486096666f9f03053a01e17a1c7fdbd408dfa\n>start {\"formatid\":\"gen8randombattle@@@blitz\",\"seed\":[37433,14755,14596,1281],\"rated\":\"Tournament battle\"}\n>player p1 {\"name\":\"533mm\",\"avatar\":\"169\",\"rating\":0,\"seed\":[55814,25525,11221,18101]}\n>player p2 {\"name\":\"vaporeonishocsa\",\"avatar\":\"firebreather\",\"rating\":0,\"seed\":[11326,49550,23600,4691]}\n>p1 move uturn\n>p2 switch 6\n>p1 switch 3\n>p1 move stealthrock\n>p2 move recover\n>p1 move rockslide\n>p2 move calmmind\n>p1 move rockslide\n>p2 move recover\n>p1 move rockslide\n>p2 move calmmind\n>p1 move rockslide\n>p2 move recover\n>p1 move rockslide\n>p2 move recover\n>p1 move rockslide\n>p2 move recover\n>p1 move rockslide\n>p2 move calmmind\n>p1 move rockslide\n>p2 move recover\n>p1 move rockslide\n>p2 move recover\n>p1 move rockslide\n>p2 move calmmind\n>p1 switch 4\n>p2 move recover\n>p1 move crunch\n>p2 move focusblast\n>p1 switch 4\n>p1 move rockslide\n>p2 move psychic dynamax\n>p1 switch 3\n>p1 move uturn\n>p2 move psychic dynamax\n>p1 switch 2\n>p2 switch 4\n>p1 switch 5\n>p2 move shadowball\n>p1 move rapidspin\n>p2 switch 2\n>p1 move protect\n>p2 move closecombat\n>p1 switch 6\n>p2 move knockoff\n>p1 move poltergeist\n>p2 move knockoff\n>p1 switch 6\n>p1 move aurawheel\n>p2 move closecombat\n>p2 switch 6\n>p1 switch 2\n>p2 move closecombat\n>p1 move glaciate\n>p2 switch 3\n>p1 move energyball\n>p2 move shoreup\n>p1 move energyball dynamax\n>p2 move shoreup\n>p1 move energyball dynamax\n>p2 switch 5\n>p1 move vcreate dynamax\n>p2 move rapidspin\n>p2 switch 2\n>p1 move glaciate\n>p2 move uturn\n>p2 switch 5\n>p1 move energyball\n>p2 move shoreup\n>p2 switch 5\n>p1 switch 2\n>p2 move shadowball\n>p1 switch 5\n>p2 switch 3\n>p1 move dazzlinggleam\n>p2 move clangingscales\n>p2 switch 3\n>p1 move dazzlinggleam\n>p2 move uturn\n>p1 move dazzlinggleam\n>p2 move uturn\n>p1 switch 5\n>p1 move protect\n>p2 move uturn\n>p1 move aurawheel\n>p2 move uturn", "uploadtime": 1685501224, "views": 8, "p1id": "533mm", "p2id": "vaporeonishocsa", "formatid": "gen8randombattle", "rating": 0, "private": 0, "password": ""}