|j|☆CraneKickinChicken
|j|☆Pure Hackmons
|t:|1685245439
|gametype|singles
|player|p1|CraneKickinChicken|larry|
|player|p2|Pure Hackmons|265|
|teamsize|p1|6
|teamsize|p2|6
|gen|8
|tier|[Gen 8] Random Battle
|rated|Tournament battle
|rule|Species Clause: Limit one of each Pokémon
|rule|HP Percentage Mod: HP is shown in percentages
|rule|Sleep Clause Mod: Limit one foe put to sleep
|rule|Camomons Mod: Pokémon have their types set to match their first two moves.
|rule|Inverse Mod: Weaknesses become resistances, while resistances and immunities become weaknesses.
|rule|Scalemons Mod: Every Pokemon's stats, barring HP, are scaled to come as close to a BST of 600 as possible
|clearpoke
|poke|p1|Salazzle, L82, F|
|poke|p1|Dedenne, L87, M|
|poke|p1|Excadrill, L78, M|
|poke|p1|Glaceon, L88, M|
|poke|p1|Hitmonchan, L86, M|
|poke|p1|Greedent, L84, M|
|poke|p2|Dedenne, L87, F|
|poke|p2|Steelix, L84, M|
|poke|p2|Calyrex-Shadow, L65|
|poke|p2|Tyrantrum, L82, F|
|poke|p2|Sableye, L88, M|
|poke|p2|Falinks, L84|
|teampreview
|j|%Iolanthe
|c|☆Pure Hackmons|hf
|
|t:|1685245475
|start
|switch|p1a: Excadrill|Excadrill, L78, M|300/300
|switch|p2a: Sableye|Sableye, L88, M|231/231
|-start|p1a: Excadrill|typechange|Normal|[silent]
|-ability|p1a: Excadrill|Mold Breaker
|-start|p2a: Sableye|typechange|Fire/Dark|[silent]
|-start|p1a: Excadrill|typechange|Normal|[silent]
|-start|p2a: Sableye|typechange|Fire/Dark|[silent]
|turn|1
|l|%Iolanthe
|
|t:|1685245486
|switch|p1a: Glaceon|Glaceon, L88, M|258/258
|-ability|p1a: Glaceon|Mold Breaker
|-start|p1a: Glaceon|typechange|Normal/Ice|[silent]
|move|p2a: Sableye|Will-O-Wisp|p1a: Glaceon
|-status|p1a: Glaceon|brn
|
|-damage|p1a: Glaceon|242/258 brn|[from] brn
|upkeep
|-start|p1a: Glaceon|typechange|Normal/Ice|[silent]
|turn|2
|
|t:|1685245494
|switch|p2a: Calyrex|Calyrex-Shadow, L65|238/238
|-ability|p2a: Calyrex|As One
|-ability|p2a: Calyrex|Unnerve
|-start|p2a: Calyrex|typechange|Psychic/Ghost|[silent]
|move|p1a: Glaceon|Freeze-Dry|p2a: Calyrex
|-damage|p2a: Calyrex|78/238
|
|-heal|p2a: Calyrex|92/238|[from] item: Leftovers
|-heal|p1a: Glaceon|258/258 brn|[from] item: Leftovers
|-damage|p1a: Glaceon|242/258 brn|[from] brn
|upkeep
|turn|3
|
|t:|1685245516
|move|p2a: Calyrex|Astral Barrage|p1a: Glaceon
|-supereffective|p1a: Glaceon
|-damage|p1a: Glaceon|66/258 brn
|move|p1a: Glaceon|Freeze-Dry|p2a: Calyrex
|-damage|p2a: Calyrex|0 fnt
|faint|p2a: Calyrex
|
|-heal|p1a: Glaceon|82/258 brn|[from] item: Leftovers
|-damage|p1a: Glaceon|66/258 brn|[from] brn
|upkeep
|
|t:|1685245525
|switch|p2a: Tyrantrum|Tyrantrum, L82, F|269/269
|-start|p2a: Tyrantrum|typechange|Dragon|[silent]
|-start|p2a: Tyrantrum|typechange|Dragon|[silent]
|turn|4
|
|t:|1685245546
|switch|p2a: Steelix|Steelix, L84, M|263/263
|-start|p2a: Steelix|typechange|Steel/Dragon|[silent]
|move|p1a: Glaceon|Wish|p1a: Glaceon
|
|-heal|p1a: Glaceon|82/258 brn|[from] item: Leftovers
|-damage|p1a: Glaceon|66/258 brn|[from] brn
|upkeep
|-start|p2a: Steelix|typechange|Steel/Dragon|[silent]
|turn|5
|
|t:|1685245558
|switch|p2a: Dedenne|Dedenne, L87, F|258/258
|-start|p2a: Dedenne|typechange|Electric/Normal|[silent]
|move|p1a: Glaceon|Protect||[still]
|-fail|p1a: Glaceon
|
|-heal|p1a: Glaceon|195/258 brn|[from] move: Wish|[wisher] Glaceon
|-heal|p1a: Glaceon|211/258 brn|[from] item: Leftovers
|-damage|p1a: Glaceon|195/258 brn|[from] brn
|upkeep
|-start|p2a: Dedenne|typechange|Electric/Normal|[silent]
|turn|6
|
|t:|1685245562
|move|p2a: Dedenne|Thunderbolt|p1a: Glaceon
|-damage|p1a: Glaceon|99/258 brn
|move|p1a: Glaceon|Toxic|p2a: Dedenne
|-status|p2a: Dedenne|tox
|
|-heal|p1a: Glaceon|115/258 brn|[from] item: Leftovers
|-damage|p2a: Dedenne|242/258 tox|[from] psn
|-damage|p1a: Glaceon|99/258 brn|[from] brn
|upkeep
|turn|7
|
|t:|1685245568
|switch|p1a: Greedent|Greedent, L84, M|339/339
|-ability|p1a: Greedent|Mold Breaker
|-start|p1a: Greedent|typechange|Ground/Dark|[silent]
|move|p2a: Dedenne|Thunderbolt|p1a: Greedent
|-supereffective|p1a: Greedent
|-damage|p1a: Greedent|135/339
|-enditem|p1a: Greedent|Sitrus Berry|[eat]
|-heal|p1a: Greedent|219/339|[from] item: Sitrus Berry
|-heal|p1a: Greedent|332/339|[from] ability: Cheek Pouch
|
|-damage|p2a: Dedenne|210/258 tox|[from] psn
|upkeep
|-start|p1a: Greedent|typechange|Ground/Dark|[silent]
|turn|8
|
|t:|1685245575
|move|p2a: Dedenne|Thunderbolt|p1a: Greedent
|-supereffective|p1a: Greedent
|-damage|p1a: Greedent|132/339
|move|p1a: Greedent|Payback|p2a: Dedenne
|-damage|p2a: Dedenne|78/258 tox
|-enditem|p2a: Dedenne|Sitrus Berry|[eat]
|-heal|p2a: Dedenne|142/258 tox|[from] item: Sitrus Berry
|-heal|p2a: Dedenne|228/258 tox|[from] ability: Cheek Pouch
|
|-damage|p2a: Dedenne|180/258 tox|[from] psn
|upkeep
|turn|9
|
|t:|1685245587
|move|p2a: Dedenne|Thunderbolt|p1a: Greedent
|-supereffective|p1a: Greedent
|-damage|p1a: Greedent|0 fnt
|faint|p1a: Greedent
|-ability|p2a: Dedenne|Grim Neigh|boost
|-boost|p2a: Dedenne|spa|1
|
|-damage|p2a: Dedenne|116/258 tox|[from] psn
|upkeep
|
|t:|1685245595
|switch|p1a: Glaceon|Glaceon, L88, M|99/258 brn
|-ability|p1a: Glaceon|Mold Breaker
|-start|p1a: Glaceon|typechange|Normal/Ice|[silent]
|-start|p1a: Glaceon|typechange|Normal/Ice|[silent]
|turn|10
|
|t:|1685245598
|move|p1a: Glaceon|Protect|p1a: Glaceon
|-singleturn|p1a: Glaceon|Protect
|move|p2a: Dedenne|Recycle|p2a: Dedenne
|-item|p2a: Dedenne|Sitrus Berry|[from] move: Recycle
|-enditem|p2a: Dedenne|Sitrus Berry|[eat]
|-heal|p2a: Dedenne|180/258 tox|[from] item: Sitrus Berry
|-heal|p2a: Dedenne|258/258 tox|[from] ability: Cheek Pouch
|
|-heal|p1a: Glaceon|115/258 brn|[from] item: Leftovers
|-damage|p2a: Dedenne|178/258 tox|[from] psn
|-damage|p1a: Glaceon|99/258 brn|[from] brn
|upkeep
|turn|11
|
|t:|1685245602
|move|p2a: Dedenne|Thunderbolt|p1a: Glaceon
|-damage|p1a: Glaceon|0 fnt
|faint|p1a: Glaceon
|-ability|p2a: Dedenne|Grim Neigh|boost
|-boost|p2a: Dedenne|spa|1
|
|-damage|p2a: Dedenne|82/258 tox|[from] psn
|upkeep
|
|t:|1685245611
|switch|p1a: Salazzle|Salazzle, L82, F|246/246
|-ability|p1a: Salazzle|Mold Breaker
|-start|p1a: Salazzle|typechange|Fire/Normal|[silent]
|-start|p1a: Salazzle|typechange|Fire/Normal|[silent]
|turn|12
|
|t:|1685245614
|move|p2a: Dedenne|Thunderbolt|p1a: Salazzle
|-damage|p1a: Salazzle|0 fnt
|faint|p1a: Salazzle
|-ability|p2a: Dedenne|Grim Neigh|boost
|-boost|p2a: Dedenne|spa|1
|
|-damage|p2a: Dedenne|0 fnt|[from] psn
|faint|p2a: Dedenne
|upkeep
|
|t:|1685245627
|switch|p2a: Falinks|Falinks, L84|246/246
|switch|p1a: Excadrill|Excadrill, L78, M|300/300
|-start|p2a: Falinks|typechange|Fighting/Poison|[silent]
|-start|p1a: Excadrill|typechange|Normal|[silent]
|-ability|p1a: Excadrill|Mold Breaker
|-start|p1a: Excadrill|typechange|Normal|[silent]
|-start|p2a: Falinks|typechange|Fighting/Poison|[silent]
|turn|13
|
|t:|1685245634
|move|p2a: Falinks|No Retreat|p2a: Falinks
|-boost|p2a: Falinks|atk|1
|-boost|p2a: Falinks|def|1
|-boost|p2a: Falinks|spa|1
|-boost|p2a: Falinks|spd|1
|-boost|p2a: Falinks|spe|1
|-start|p2a: Falinks|move: No Retreat
|move|p1a: Excadrill|Swords Dance|p1a: Excadrill
|-boost|p1a: Excadrill|atk|2
|
|upkeep
|turn|14
|
|t:|1685245640
|-start|p1a: Excadrill|Dynamax|
|-heal|p1a: Excadrill|600/600|[silent]
|move|p2a: Falinks|Poison Jab|p1a: Excadrill
|-damage|p1a: Excadrill|330/600
|-damage|p2a: Falinks|222/246|[from] item: Life Orb
|move|p1a: Excadrill|Max Steelspike|p2a: Falinks
|-damage|p2a: Falinks|102/246
|-boost|p1a: Excadrill|def|1
|
|-heal|p1a: Excadrill|348/600|[from] item: Leftovers
|upkeep
|turn|15
|
|t:|1685245643
|move|p2a: Falinks|Poison Jab|p1a: Excadrill
|-damage|p1a: Excadrill|179/600
|-damage|p2a: Falinks|78/246|[from] item: Life Orb
|move|p1a: Excadrill|Max Steelspike|p2a: Falinks
|-damage|p2a: Falinks|0 fnt
|-boost|p1a: Excadrill|def|1
|faint|p2a: Falinks
|
|-heal|p1a: Excadrill|197/600|[from] item: Leftovers
|upkeep
|
|t:|1685245662
|switch|p2a: Sableye|Sableye, L88, M|231/231
|-start|p2a: Sableye|typechange|Fire/Dark|[silent]
|-start|p2a: Sableye|typechange|Fire/Dark|[silent]
|turn|16
|
|t:|1685245665
|-end|p1a: Excadrill|Dynamax
|-heal|p1a: Excadrill|99/300|[silent]
|switch|p1a: Dedenne|Dedenne, L87, M|258/258
|-ability|p1a: Dedenne|Mold Breaker
|-start|p1a: Dedenne|typechange|Electric/Poison|[silent]
|move|p2a: Sableye|Will-O-Wisp|p1a: Dedenne
|-status|p1a: Dedenne|brn
|
|-damage|p1a: Dedenne|242/258 brn|[from] brn
|upkeep
|-start|p1a: Dedenne|typechange|Electric/Poison|[silent]
|turn|17
|
|t:|1685245677
|move|p1a: Dedenne|Toxic|p2a: Sableye
|-status|p2a: Sableye|tox
|move|p2a: Sableye|Knock Off|p1a: Dedenne
|-damage|p1a: Dedenne|95/258 brn
|-enditem|p1a: Dedenne|Sitrus Berry|[from] move: Knock Off|[of] p2a: Sableye
|
|-damage|p2a: Sableye|217/231 tox|[from] psn
|-damage|p1a: Dedenne|79/258 brn|[from] brn
|upkeep
|turn|18
|
|t:|1685245693
|move|p1a: Dedenne|Protect|p1a: Dedenne
|-singleturn|p1a: Dedenne|Protect
|move|p2a: Sableye|Knock Off|p1a: Dedenne
|-activate|p1a: Dedenne|move: Protect
|
|-heal|p2a: Sableye|231/231 tox|[from] item: Leftovers
|-damage|p2a: Sableye|203/231 tox|[from] psn
|-damage|p1a: Dedenne|63/258 brn|[from] brn
|upkeep
|turn|19
|
|t:|1685245702
|move|p1a: Dedenne|Thunderbolt|p2a: Sableye
|-damage|p2a: Sableye|103/231 tox
|move|p2a: Sableye|Knock Off|p1a: Dedenne
|-damage|p1a: Dedenne|0 fnt
|faint|p1a: Dedenne
|-ability|p2a: Sableye|Grim Neigh|boost
|-boost|p2a: Sableye|spa|1
|
|-heal|p2a: Sableye|117/231 tox|[from] item: Leftovers
|-damage|p2a: Sableye|75/231 tox|[from] psn
|upkeep
|
|t:|1685245711
|switch|p1a: Hitmonchan|Hitmonchan, L86, M|226/226
|-ability|p1a: Hitmonchan|Mold Breaker
|-start|p1a: Hitmonchan|typechange|Fighting|[silent]
|turn|20
|
|t:|1685245716
|move|p2a: Sableye|Will-O-Wisp|p1a: Hitmonchan
|-status|p1a: Hitmonchan|brn
|move|p1a: Hitmonchan|Ice Punch|p2a: Sableye
|-supereffective|p2a: Sableye
|-damage|p2a: Sableye|0 fnt
|faint|p2a: Sableye
|-damage|p1a: Hitmonchan|204/226 brn|[from] item: Life Orb
|
|-damage|p1a: Hitmonchan|190/226 brn|[from] brn
|upkeep
|
|t:|1685245725
|switch|p2a: Steelix|Steelix, L84, M|263/263
|-start|p2a: Steelix|typechange|Steel/Dragon|[silent]
|-start|p2a: Steelix|typechange|Steel/Dragon|[silent]
|turn|21
|
|t:|1685245729
|move|p2a: Steelix|Dragon Dance|p2a: Steelix
|-boost|p2a: Steelix|atk|1
|-boost|p2a: Steelix|spe|1
|move|p1a: Hitmonchan|Ice Punch|p2a: Steelix
|-damage|p2a: Steelix|238/263
|-damage|p1a: Hitmonchan|168/226 brn|[from] item: Life Orb
|
|-heal|p2a: Steelix|254/263|[from] item: Leftovers
|-damage|p1a: Hitmonchan|154/226 brn|[from] brn
|upkeep
|turn|22
|
|t:|1685245736
|switch|p1a: Excadrill|Excadrill, L78, M|99/300
|-start|p1a: Excadrill|typechange|Normal|[silent]
|-ability|p1a: Excadrill|Mold Breaker
|move|p2a: Steelix|Dragon Dance|p2a: Steelix
|-boost|p2a: Steelix|atk|1
|-boost|p2a: Steelix|spe|1
|
|-heal|p2a: Steelix|263/263|[from] item: Leftovers
|-heal|p1a: Excadrill|117/300|[from] item: Leftovers
|upkeep
|-start|p1a: Excadrill|typechange|Normal|[silent]
|turn|23
|
|t:|1685245741
|move|p2a: Steelix|Heavy Slam|p1a: Excadrill
|-damage|p1a: Excadrill|0 fnt
|faint|p1a: Excadrill
|-ability|p2a: Steelix|Grim Neigh|boost
|-boost|p2a: Steelix|spa|1
|
|upkeep
|
|t:|1685245742
|switch|p1a: Hitmonchan|Hitmonchan, L86, M|154/226 brn
|-ability|p1a: Hitmonchan|Mold Breaker
|-start|p1a: Hitmonchan|typechange|Fighting|[silent]
|turn|24
|
|t:|1685245746
|move|p1a: Hitmonchan|Ice Punch|p2a: Steelix
|-damage|p2a: Steelix|236/263
|-damage|p1a: Hitmonchan|132/226 brn|[from] item: Life Orb
|move|p2a: Steelix|Heavy Slam|p1a: Hitmonchan
|-damage|p1a: Hitmonchan|0 fnt
|faint|p1a: Hitmonchan
|
|win|Pure Hackmons
|n|☆CraneKickinChicken|cranekickinchicken
|n|☆Pure Hackmons|purehackmons
