|j|☆arce9
|j|☆livid washed
|t:|1685391598
|gametype|singles
|player|p1|arce9|#lcplxiskittycommittee|
|player|p2|livid washed|#rbtt6teamzarude|
|teamsize|p1|6
|teamsize|p2|6
|gen|8
|tier|[Gen 8] Random Battle
|rule|Species Clause: Limit one of each Pokémon
|rule|HP Percentage Mod: HP is shown in percentages
|rule|Sleep Clause Mod: Limit one foe put to sleep
|
|t:|1685391598
|start
|switch|p1a: Inteleon|Inteleon, L80, M|243/243
|switch|p2a: Weezing|Weezing, L86, F|252/252
|turn|1
|inactive|Battle timer is ON: inactive players will automatically lose when time's up. (requested by livid washed)
|c|☆livid washed|gl
|c|☆arce9|hf
|inactive|livid washed has 270 seconds left.
|inactive|arce9 has 270 seconds left.
|
|t:|1685391658
|switch|p2a: Latias|Latias, L80, F|259/259
|move|p1a: Inteleon|Focus Energy|p1a: Inteleon
|-start|p1a: Inteleon|move: Focus Energy
|
|upkeep
|turn|2
|inactive|livid washed has 270 seconds left.
|
|t:|1685391706
|move|p1a: Inteleon|Ice Beam|p2a: Latias
|-supereffective|p2a: Latias
|-crit|p2a: Latias
|-damage|p2a: Latias|10/259
|-status|p2a: Latias|frz
|cant|p2a: Latias|frz
|
|-heal|p2a: Latias|26/259 frz|[from] item: Leftovers
|upkeep
|turn|3
|j| Lrogue ❀
|c|☆arce9|damn mb
|inactive|arce9 has 270 seconds left.
|c| Lrogue ❀|So much gen 8 today
|
|t:|1685391752
|move|p1a: Inteleon|Ice Beam|p2a: Latias
|-supereffective|p2a: Latias
|-crit|p2a: Latias
|-damage|p2a: Latias|0 fnt
|faint|p2a: Latias
|
|upkeep
|inactive|livid washed has 240 seconds left.
|
|t:|1685391793
|switch|p2a: Mandibuzz|Mandibuzz, L82, F|315/315
|turn|4
|l| Lrogue ❀
|
|t:|1685391818
|-start|p2a: Mandibuzz|Dynamax|
|-heal|p2a: Mandibuzz|630/630|[silent]
|move|p1a: Inteleon|Ice Beam|p2a: Mandibuzz
|-supereffective|p2a: Mandibuzz
|-crit|p2a: Mandibuzz
|-damage|p2a: Mandibuzz|294/630
|-status|p2a: Mandibuzz|frz
|cant|p2a: Mandibuzz|frz
|
|upkeep
|turn|5
|c|☆livid washed|lol
|c|☆arce9|well then
|j| Lrogue ❀
|c|☆arce9|thats incredibly dumb
|inactive|arce9 has 240 seconds left.
|c| Lrogue ❀|oh wth
|c|☆arce9|apologies
|c|☆livid washed|all good
|
|t:|1685391846
|move|p1a: Inteleon|Ice Beam|p2a: Mandibuzz
|-supereffective|p2a: Mandibuzz
|-crit|p2a: Mandibuzz
|-damage|p2a: Mandibuzz|0 fnt
|faint|p2a: Mandibuzz
|
|upkeep
|
|t:|1685391852
|switch|p2a: Landorus|Landorus-Therian, L72, M|247/247
|-ability|p2a: Landorus|Intimidate|boost
|-unboost|p1a: Inteleon|atk|1
|turn|6
|
|t:|1685391864
|move|p2a: Landorus|U-turn|p1a: Inteleon
|-damage|p1a: Inteleon|177/243
|
|t:|1685391878
|switch|p2a: Aurorus|Aurorus, L84, F|344/344|[from] U-turn
|-weather|Hail|[from] ability: Snow Warning|[of] p2a: Aurorus
|move|p1a: Inteleon|Ice Beam|p2a: Aurorus
|-resisted|p2a: Aurorus
|-crit|p2a: Aurorus
|-damage|p2a: Aurorus|271/344
|
|-weather|Hail|[upkeep]
|-damage|p1a: Inteleon|162/243|[from] Hail
|upkeep
|turn|7
|
|t:|1685391885
|move|p1a: Inteleon|Surf|p2a: Aurorus
|-supereffective|p2a: Aurorus
|-crit|p2a: Aurorus
|-damage|p2a: Aurorus|0 fnt
|faint|p2a: Aurorus
|
|-weather|Hail|[upkeep]
|-damage|p1a: Inteleon|147/243|[from] Hail
|upkeep
|
|t:|1685391887
|switch|p2a: Landorus|Landorus-Therian, L72, M|247/247
|-ability|p2a: Landorus|Intimidate|boost
|-unboost|p1a: Inteleon|atk|1
|turn|8
|inactive|livid washed has 240 seconds left.
|
|t:|1685391897
|-start|p1a: Inteleon|Dynamax|Gmax
|-heal|p1a: Inteleon|294/486|[silent]
|move|p2a: Landorus|Fly||[still]
|-prepare|p2a: Landorus|Fly
|move|p1a: Inteleon|Max Airstream|p2a: Landorus|[miss]
|-miss|p1a: Inteleon|p2a: Landorus
|
|-weather|Hail|[upkeep]
|-damage|p2a: Landorus|232/247|[from] Hail
|-damage|p1a: Inteleon|279/486|[from] Hail
|upkeep
|turn|9
|inactive|livid washed has 240 seconds left.
|
|t:|1685391906
|move|p2a: Landorus|Fly|p1a: Inteleon|[from]lockedmove
|-damage|p1a: Inteleon|156/486
|move|p1a: Inteleon|Max Airstream|p2a: Landorus
|-crit|p2a: Landorus
|-damage|p2a: Landorus|0 fnt
|-boost|p1a: Inteleon|spe|1
|faint|p2a: Landorus
|
|-weather|Hail|[upkeep]
|-damage|p1a: Inteleon|141/486|[from] Hail
|upkeep
|inactive|livid washed has 240 seconds left.
|
|t:|1685391924
|switch|p2a: Weezing|Weezing, L86, F|252/252
|turn|10
|
|t:|1685391931
|move|p1a: Inteleon|G-Max Hydrosnipe|p2a: Weezing
|-crit|p2a: Weezing
|-damage|p2a: Weezing|0 fnt
|faint|p2a: Weezing
|
|-weather|none
|upkeep
|
|t:|1685391933
|switch|p2a: Registeel|Registeel, L83|268/268
|-end|p1a: Inteleon|Dynamax
|-heal|p1a: Inteleon|71/243|[silent]
|turn|11
|
|t:|1685391936
|move|p1a: Inteleon|Surf|p2a: Registeel
|-crit|p2a: Registeel
|-damage|p2a: Registeel|102/268
|move|p2a: Registeel|Iron Head|p1a: Inteleon
|-resisted|p1a: Inteleon
|-damage|p1a: Inteleon|23/243
|
|-heal|p2a: Registeel|118/268|[from] item: Leftovers
|upkeep
|turn|12
|c|☆livid washed|ggs, gl in rest
|c|☆arce9|ggs
|c|☆arce9|thx
|
|t:|1685391945
|move|p1a: Inteleon|Surf|p2a: Registeel
|-crit|p2a: Registeel
|-damage|p2a: Registeel|0 fnt
|faint|p2a: Registeel
|
|win|arce9
