|j|☆Mesnacks
|j|☆fmoham8915
|t:|1683812308
|gametype|singles
|player|p1|Mesnacks|cress|1117
|player|p2|fmoham8915|2|1115
|teamsize|p1|6
|teamsize|p2|6
|gen|8
|tier|[Gen 8] Random Battle
|rated|
|rule|Species Clause: Limit one of each Pokémon
|rule|HP Percentage Mod: HP is shown in percentages
|rule|Sleep Clause Mod: Limit one foe put to sleep
|
|t:|1683812308
|start
|switch|p1a: Rhydon|Rhydon, L87, F|324/324
|switch|p2a: Guzzlord|Guzzlord, L84|512/512
|turn|1
|
|t:|1683812332
|switch|p2a: Dhelmise|Dhelmise, L86|261/261
|move|p1a: Rhydon|Toxic|p2a: Dhelmise|[miss]
|-miss|p1a: Rhydon|p2a: Dhelmise
|
|upkeep
|turn|2
|inactive|Battle timer is ON: inactive players will automatically lose when time's up. (requested by fmoham8915)
|
|t:|1683812359
|switch|p1a: Alcremie|Alcremie, L86, F|252/252
|move|p2a: Dhelmise|Power Whip|p1a: Alcremie
|-damage|p1a: Alcremie|59/252
|
|-heal|p1a: Alcremie|74/252|[from] item: Leftovers
|upkeep
|turn|3
|
|t:|1683812376
|move|p1a: Alcremie|Dazzling Gleam|p2a: Dhelmise
|-crit|p2a: Dhelmise
|-damage|p2a: Dhelmise|128/261
|move|p2a: Dhelmise|Power Whip|p1a: Alcremie
|-damage|p1a: Alcremie|0 fnt
|faint|p1a: Alcremie
|
|upkeep
|
|t:|1683812389
|switch|p1a: Eternatus|Eternatus, L69|308/308
|-ability|p1a: Eternatus|Pressure
|turn|4
|
|t:|1683812404
|move|p1a: Eternatus|Flamethrower|p2a: Dhelmise
|-supereffective|p2a: Dhelmise
|-damage|p2a: Dhelmise|10/261
|move|p2a: Dhelmise|Anchor Shot|p1a: Eternatus
|-damage|p1a: Eternatus|177/308
|-activate|p1a: Eternatus|trapped
|
|-heal|p1a: Eternatus|196/308|[from] item: Black Sludge
|upkeep
|turn|5
|
|t:|1683812415
|move|p1a: Eternatus|Dynamax Cannon|p2a: Dhelmise
|-damage|p2a: Dhelmise|0 fnt
|faint|p2a: Dhelmise
|
|-heal|p1a: Eternatus|215/308|[from] item: Black Sludge
|upkeep
|
|t:|1683812421
|switch|p2a: Guzzlord|Guzzlord, L84|512/512
|turn|6
|
|t:|1683812429
|move|p1a: Eternatus|Dynamax Cannon|p2a: Guzzlord
|-supereffective|p2a: Guzzlord
|-damage|p2a: Guzzlord|320/512
|move|p2a: Guzzlord|Draco Meteor|p1a: Eternatus
|-supereffective|p1a: Eternatus
|-damage|p1a: Eternatus|0 fnt
|-unboost|p2a: Guzzlord|spa|2
|faint|p1a: Eternatus
|-ability|p2a: Guzzlord|Beast Boost|boost
|-boost|p2a: Guzzlord|atk|1
|
|upkeep
|
|t:|1683812442
|switch|p1a: Latias|Latias, L80, F|259/259
|turn|7
|
|t:|1683812447
|move|p1a: Latias|Draco Meteor|p2a: Guzzlord
|-supereffective|p2a: Guzzlord
|-crit|p2a: Guzzlord
|-damage|p2a: Guzzlord|0 fnt
|-unboost|p1a: Latias|spa|2
|faint|p2a: Guzzlord
|
|upkeep
|
|t:|1683812454
|switch|p2a: Latias|Latias, L80, F|259/259
|turn|8
|
|t:|1683812460
|move|p2a: Latias|Draco Meteor|p1a: Latias
|-supereffective|p1a: Latias
|-crit|p1a: Latias
|-damage|p1a: Latias|0 fnt
|-unboost|p2a: Latias|spa|2
|faint|p1a: Latias
|
|upkeep
|
|t:|1683812479
|switch|p1a: Rhydon|Rhydon, L87, F|324/324
|turn|9
|
|t:|1683812497
|move|p2a: Latias|Psychic|p1a: Rhydon
|-damage|p1a: Rhydon|273/324
|move|p1a: Rhydon|Toxic|p2a: Latias
|-status|p2a: Latias|tox
|
|-damage|p2a: Latias|243/259 tox|[from] psn
|upkeep
|turn|10
|l|☆fmoham8915
|inactive|fmoham8915 disconnected and has a minute to reconnect!
|player|p2|
|inactive|fmoham8915 has 30 seconds to reconnect!
|inactive|fmoham8915 has 20 seconds to reconnect!
|inactive|fmoham8915 has 15 seconds to reconnect!
|inactive|fmoham8915 has 10 seconds to reconnect!
|inactive|fmoham8915 has 5 seconds to reconnect!
|-message|fmoham8915 lost due to inactivity.
|
|win|Mesnacks
|raw|Mesnacks's rating: 1117 &rarr; <strong>1142</strong><br />(+25 for winning)
|raw|fmoham8915's rating: 1115 &rarr; <strong>1090</strong><br />(-25 for losing)
