{"id": "gen8randombattle-1862077534", "p1": "lauda Mera", "p2": "Volcano111", "format": "[Gen 8] Random Battle", "log": "|j|\u2606lauda Mera\n|j|\u2606Volcano111\n|t:|1683834685\n|gametype|singles\n|player|p1|lauda Mera|hilbert-wonderlauncher|1419\n|player|p2|Volcano111|265|1331\n|teamsize|p1|6\n|teamsize|p2|6\n|gen|8\n|tier|[Gen 8] Random Battle\n|rated|\n|rule|Species Clause: Limit one of each Pok\u00e9mon\n|rule|HP Percentage Mod: HP is shown in percentages\n|rule|Sleep Clause Mod: Limit one foe put to sleep\n|\n|t:|1683834685\n|start\n|switch|p1a: Tapu Fini|Tapu Fini, L78|237/237\n|switch|p2a: Dragonite|Dragonite, L75, F|260/260\n|-fieldstart|move: Misty Terrain|[from] ability: Misty Surge|[of] p1a: Tapu Fini\n|turn|1\n|inactive|Battle timer is ON: inactive players will automatically lose when time's up. (requested by lauda Mera)\n|\n|t:|1683834700\n|switch|p2a: Scizor|Scizor, L80, M|243/243\n|move|p1a: Tapu Fini|Moonblast|p2a: Scizor\n|-resisted|p2a: Scizor\n|-damage|p2a: Scizor|192/243\n|\n|upkeep\n|turn|2\n|\n|t:|1683834714\n|switch|p1a: Arcanine|Arcanine, L82, M|282/282\n|move|p2a: Scizor|Swords Dance|p2a: Scizor\n|-boost|p2a: Scizor|atk|2\n|\n|upkeep\n|turn|3\n|\n|t:|1683834741\n|switch|p2a: Kabutops|Kabutops, L82, F|233/233\n|move|p1a: Arcanine|Flare Blitz|p2a: Kabutops\n|-resisted|p2a: Kabutops\n|-damage|p2a: Kabutops|206/233\n|-damage|p1a: Arcanine|273/282|[from] Recoil\n|\n|upkeep\n|turn|4\n|\n|t:|1683834751\n|move|p1a: Arcanine|Close Combat|p2a: Kabutops\n|-supereffective|p2a: Kabutops\n|-damage|p2a: Kabutops|52/233\n|-unboost|p1a: Arcanine|def|1\n|-unboost|p1a: Arcanine|spd|1\n|move|p2a: Kabutops|Swords Dance|p2a: Kabutops\n|-boost|p2a: Kabutops|atk|2\n|\n|upkeep\n|turn|5\n|\n|t:|1683834765\n|move|p1a: Arcanine|Close Combat|p2a: Kabutops\n|-supereffective|p2a: Kabutops\n|-damage|p2a: Kabutops|0 fnt\n|-unboost|p1a: Arcanine|def|1\n|-unboost|p1a: Arcanine|spd|1\n|faint|p2a: Kabutops\n|\n|-fieldend|Misty Terrain\n|upkeep\n|\n|t:|1683834771\n|switch|p2a: Dragonite|Dragonite, L75, F|260/260\n|turn|6\n|inactive|lauda Mera has 120 seconds left.\n|\n|t:|1683834809\n|switch|p2a: Scizor|Scizor, L80, M|192/243\n|move|p1a: Arcanine|Will-O-Wisp|p2a: Scizor\n|-status|p2a: Scizor|brn\n|\n|-damage|p2a: Scizor|177/243 brn|[from] brn\n|upkeep\n|turn|7\n|\n|t:|1683834817\n|move|p1a: Arcanine|Flare Blitz|p2a: Scizor\n|-supereffective|p2a: Scizor\n|-damage|p2a: Scizor|0 fnt\n|faint|p2a: Scizor\n|-damage|p1a: Arcanine|215/282|[from] Recoil\n|\n|upkeep\n|inactive|Volcano111 has 120 seconds left.\n|\n|t:|1683834845\n|switch|p2a: Flygon|Flygon, L80, M|259/259\n|turn|8\n|inactive|lauda Mera has 120 seconds left.\n|\n|t:|1683834867\n|switch|p1a: Tapu Fini|Tapu Fini, L78|237/237\n|-fieldstart|move: Misty Terrain|[from] ability: Misty Surge|[of] p1a: Tapu Fini\n|move|p2a: Flygon|Earthquake|p1a: Tapu Fini\n|-damage|p1a: Tapu Fini|149/237\n|\n|-heal|p1a: Tapu Fini|163/237|[from] item: Leftovers\n|upkeep\n|turn|9\n|\n|t:|1683834874\n|move|p2a: Flygon|U-turn|p1a: Tapu Fini\n|-resisted|p1a: Tapu Fini\n|-damage|p1a: Tapu Fini|141/237\n|\n|t:|1683834883\n|switch|p2a: Lapras|Lapras, L86, F|363/363|[from] U-turn\n|move|p1a: Tapu Fini|Moonblast|p2a: Lapras\n|-damage|p2a: Lapras|284/363\n|\n|-heal|p1a: Tapu Fini|155/237|[from] item: Leftovers\n|upkeep\n|turn|10\n|inactive|lauda Mera has 120 seconds left.\n|\n|t:|1683834915\n|switch|p1a: Scrafty|Scrafty, L82, F|241/241\n|-ability|p1a: Scrafty|Intimidate|boost\n|-unboost|p2a: Lapras|atk|1\n|move|p2a: Lapras|Thunderbolt|p1a: Scrafty\n|-damage|p1a: Scrafty|167/241\n|\n|upkeep\n|turn|11\n|\n|t:|1683834929\n|switch|p2a: Dragonite|Dragonite, L75, F|260/260\n|move|p1a: Scrafty|Dragon Dance|p1a: Scrafty\n|-boost|p1a: Scrafty|atk|1\n|-boost|p1a: Scrafty|spe|1\n|\n|upkeep\n|turn|12\n|\n|t:|1683834942\n|move|p1a: Scrafty|Knock Off|p2a: Dragonite\n|-damage|p2a: Dragonite|194/260\n|-enditem|p2a: Dragonite|Heavy-Duty Boots|[from] move: Knock Off|[of] p1a: Scrafty\n|move|p2a: Dragonite|Dual Wingbeat|p1a: Scrafty\n|-supereffective|p1a: Scrafty\n|-damage|p1a: Scrafty|99/241\n|-supereffective|p1a: Scrafty\n|-damage|p1a: Scrafty|31/241\n|-hitcount|p1a: Scrafty|2\n|\n|-fieldend|Misty Terrain\n|upkeep\n|turn|13\n|\n|t:|1683834954\n|move|p1a: Scrafty|Ice Punch|p2a: Dragonite\n|-supereffective|p2a: Dragonite\n|-damage|p2a: Dragonite|0 fnt\n|faint|p2a: Dragonite\n|\n|upkeep\n|\n|t:|1683834963\n|switch|p2a: Darmanitan|Darmanitan-Galar, L78, F|292/292\n|turn|14\n|\n|t:|1683834969\n|move|p1a: Scrafty|Close Combat|p2a: Darmanitan\n|-supereffective|p2a: Darmanitan\n|-damage|p2a: Darmanitan|0 fnt\n|-unboost|p1a: Scrafty|def|1\n|-unboost|p1a: Scrafty|spd|1\n|faint|p2a: Darmanitan\n|\n|upkeep\n|\n|t:|1683834971\n|switch|p2a: Flygon|Flygon, L80, M|259/259\n|turn|15\n|\n|t:|1683834976\n|move|p1a: Scrafty|Ice Punch|p2a: Flygon\n|-supereffective|p2a: Flygon\n|-damage|p2a: Flygon|0 fnt\n|faint|p2a: Flygon\n|\n|upkeep\n|\n|t:|1683834978\n|switch|p2a: Lapras|Lapras, L86, F|284/363\n|turn|16\n|\n|t:|1683834989\n|move|p1a: Scrafty|Close Combat|p2a: Lapras\n|-supereffective|p2a: Lapras\n|-damage|p2a: Lapras|0 fnt\n|-unboost|p1a: Scrafty|def|1\n|-unboost|p1a: Scrafty|spd|1\n|faint|p2a: Lapras\n|\n|win|lauda Mera\n|raw|lauda Mera's rating: 1400 &rarr; <strong>1416</strong><br />(+16 for winning)\n|raw|Volcano111's rating: 1331 &rarr; <strong>1315</strong><br />(-16 for losing)\n|l|\u2606Volcano111\n", "inputlog": ">version bce759c5f189753f4322d11c9e5aa78bbe1b1bf9\n>start {\"formatid\":\"gen8randombattle\",\"seed\":[1672,46406,25733,1155],\"rated\":\"Rated battle\"}\n>player p1 {\"name\":\"lauda Mera\",\"avatar\":\"hilbert-wonderlauncher\",\"rating\":1419,\"seed\":[31218,60059,4305,16000]}\n>player p2 {\"name\":\"Volcano111\",\"avatar\":\"265\",\"rating\":1331,\"seed\":[6784,60703,21616,58984]}\n>p1 move moonblast\n>p2 switch 6\n>p1 switch 5\n>p2 move swordsdance\n>p1 move flareblitz\n>p2 switch 3\n>p1 move closecombat\n>p2 move swordsdance\n>p1 move closecombat\n>p2 move stoneedge\n>p2 switch 6\n>p1 move willowisp\n>p2 switch 3\n>p1 move flareblitz\n>p2 move knockoff\n>p2 switch 4\n>p1 switch 5\n>p2 move earthquake\n>p1 move moonblast\n>p2 move uturn\n>p2 switch 2\n>p1 switch 6\n>p2 move thunderbolt\n>p1 move dragondance\n>p2 switch 3\n>p1 move knockoff\n>p2 move dualwingbeat\n>p1 move icepunch\n>p2 move dragondance\n>p2 switch 5\n>p1 move closecombat\n>p2 move bellydrum\n>p2 switch 2\n>p1 move icepunch\n>p2 move outrage\n>p2 switch 3\n>p1 move closecombat\n>p2 move sparklingaria", "uploadtime": 1683834991, "views": 5, "p1id": "laudamera", "p2id": "volcano111", "formatid": "gen8randombattle", "rating": 1315, "private": 0, "password": ""}