{"id": "gen8randombattle-1873509402", "p1": "NasaKhatarnak1", "p2": "small jigglypuffs", "format": "[Gen 8] Random Battle", "log": "|j|\u203dNasaKhatarnak1\n|j|\u2606small jigglypuffs\n|t:|1685384692\n|gametype|singles\n|player|p1|NasaKhatarnak1|170|1079\n|player|p2|small jigglypuffs|1|1087\n|teamsize|p1|6\n|teamsize|p2|6\n|gen|8\n|tier|[Gen 8] Random Battle\n|rated|\n|rule|Species Clause: Limit one of each Pok\u00e9mon\n|rule|HP Percentage Mod: HP is shown in percentages\n|rule|Sleep Clause Mod: Limit one foe put to sleep\n|\n|t:|1685384692\n|start\n|switch|p1a: Tentacruel|Tentacruel, L84, F|272/272\n|switch|p2a: Azumarill|Azumarill, L84, M|305/305\n|turn|1\n|inactive|Battle timer is ON: inactive players will automatically lose when time's up. (requested by NasaKhatarnak1)\n|\n|t:|1685384711\n|switch|p2a: Whiscash|Whiscash, L86, F|329/329\n|move|p1a: Tentacruel|Toxic Spikes|p2a: Whiscash\n|-sidestart|p2: small jigglypuffs|move: Toxic Spikes\n|\n|upkeep\n|turn|2\n|\n|t:|1685384726\n|switch|p1a: Shiinotic|Shiinotic, L86, M|243/243\n|move|p2a: Whiscash|Zen Headbutt|p1a: Shiinotic\n|-damage|p1a: Shiinotic|168/243\n|\n|-heal|p1a: Shiinotic|183/243|[from] item: Leftovers\n|upkeep\n|turn|3\n|inactive|small jigglypuffs has 120 seconds left.\n|\n|t:|1685384758\n|switch|p2a: Azumarill|Azumarill, L84, M|305/305\n|-status|p2a: Azumarill|psn\n|move|p1a: Shiinotic|Leech Seed|p2a: Azumarill\n|-start|p2a: Azumarill|move: Leech Seed\n|\n|-heal|p1a: Shiinotic|198/243|[from] item: Leftovers\n|-damage|p2a: Azumarill|267/305 psn|[from] Leech Seed|[of] p1a: Shiinotic\n|-heal|p1a: Shiinotic|236/243|[silent]\n|-damage|p2a: Azumarill|229/305 psn|[from] psn\n|upkeep\n|turn|4\n|inactive|small jigglypuffs has 120 seconds left.\n|\n|t:|1685384780\n|switch|p1a: Diancie|Diancie, L82|216/216\n|move|p2a: Azumarill|Knock Off|p1a: Diancie\n|-resisted|p1a: Diancie\n|-damage|p1a: Diancie|172/216\n|-enditem|p1a: Diancie|Leftovers|[from] move: Knock Off|[of] p2a: Azumarill\n|\n|-damage|p2a: Azumarill|191/305 psn|[from] Leech Seed|[of] p1a: Diancie\n|-heal|p1a: Diancie|210/216|[silent]\n|-damage|p2a: Azumarill|153/305 psn|[from] psn\n|upkeep\n|turn|5\n|inactive|small jigglypuffs has 90 seconds left.\n|\n|t:|1685384814\n|switch|p2a: Zarude|Zarude, L78|292/292\n|-status|p2a: Zarude|psn\n|move|p1a: Diancie|Stealth Rock|p2a: Zarude\n|-sidestart|p2: small jigglypuffs|move: Stealth Rock\n|\n|-damage|p2a: Zarude|256/292 psn|[from] psn\n|upkeep\n|turn|6\n|inactive|small jigglypuffs has 90 seconds left.\n|\n|t:|1685384825\n|switch|p1a: Centiskorch|Centiskorch, L84, M|305/305\n|move|p2a: Zarude|Bulk Up|p2a: Zarude\n|-boost|p2a: Zarude|atk|1\n|-boost|p2a: Zarude|def|1\n|\n|-heal|p2a: Zarude|274/292 psn|[from] item: Leftovers\n|-damage|p2a: Zarude|238/292 psn|[from] psn\n|upkeep\n|turn|7\n|inactive|small jigglypuffs has 90 seconds left.\n|\n|t:|1685384838\n|switch|p2a: Carbink|Carbink, L86|226/226\n|-status|p2a: Carbink|psn\n|-damage|p2a: Carbink|198/226 psn|[from] Stealth Rock\n|move|p1a: Centiskorch|Fire Lash|p2a: Carbink\n|-resisted|p2a: Carbink\n|-damage|p2a: Carbink|166/226 psn\n|-unboost|p2a: Carbink|def|1\n|\n|-damage|p2a: Carbink|138/226 psn|[from] psn\n|upkeep\n|turn|8\n|\n|t:|1685384843\n|move|p1a: Centiskorch|Power Whip|p2a: Carbink\n|-supereffective|p2a: Carbink\n|-damage|p2a: Carbink|0 fnt\n|faint|p2a: Carbink\n|\n|upkeep\n|inactive|small jigglypuffs has 90 seconds left.\n|\n|t:|1685384864\n|switch|p2a: Whiscash|Whiscash, L86, F|329/329\n|-status|p2a: Whiscash|psn\n|-damage|p2a: Whiscash|309/329 psn|[from] Stealth Rock\n|turn|9\n|inactive|small jigglypuffs has 90 seconds left.\n|\n|t:|1685384872\n|switch|p1a: Shiinotic|Shiinotic, L86, M|236/243\n|switch|p2a: Zarude|Zarude, L78|238/292 psn\n|-damage|p2a: Zarude|202/292 psn|[from] Stealth Rock\n|\n|-heal|p2a: Zarude|220/292 psn|[from] item: Leftovers\n|-heal|p1a: Shiinotic|243/243|[from] item: Leftovers\n|-damage|p2a: Zarude|184/292 psn|[from] psn\n|upkeep\n|turn|10\n|inactive|small jigglypuffs has 90 seconds left.\n|\n|t:|1685384898\n|switch|p2a: Cherrim|Cherrim, L93, M|281/281\n|-status|p2a: Cherrim|psn\n|-damage|p2a: Cherrim|246/281 psn|[from] Stealth Rock\n|move|p1a: Shiinotic|Moonblast|p2a: Cherrim\n|-damage|p2a: Cherrim|150/281 psn\n|\n|-damage|p2a: Cherrim|115/281 psn|[from] psn\n|upkeep\n|turn|11\n|\n|t:|1685384917\n|move|p2a: Cherrim|Energy Ball|p1a: Shiinotic\n|-resisted|p1a: Shiinotic\n|-damage|p1a: Shiinotic|195/243\n|-unboost|p1a: Shiinotic|spd|1\n|move|p1a: Shiinotic|Moonblast|p2a: Cherrim\n|-crit|p2a: Cherrim\n|-damage|p2a: Cherrim|0 fnt\n|faint|p2a: Cherrim\n|\n|-heal|p1a: Shiinotic|210/243|[from] item: Leftovers\n|upkeep\n|\n|t:|1685384921\n|switch|p2a: Azumarill|Azumarill, L84, M|153/305 psn\n|-damage|p2a: Azumarill|115/305 psn|[from] Stealth Rock\n|turn|12\n|\n|t:|1685384933\n|switch|p1a: Diancie|Diancie, L82|210/216\n|-start|p2a: Azumarill|Dynamax|\n|-heal|p2a: Azumarill|230/610 psn|[silent]\n|move|p2a: Azumarill|Max Starfall|p1a: Diancie\n|-damage|p1a: Diancie|93/216\n|-fieldstart|move: Misty Terrain\n|\n|-damage|p2a: Azumarill|192/610 psn|[from] psn\n|upkeep\n|turn|13\n|\n|t:|1685384944\n|move|p2a: Azumarill|Max Geyser|p1a: Diancie\n|-supereffective|p1a: Diancie\n|-damage|p1a: Diancie|0 fnt\n|-weather|RainDance\n|faint|p1a: Diancie\n|\n|-weather|RainDance|[upkeep]\n|-damage|p2a: Azumarill|154/610 psn|[from] psn\n|upkeep\n|\n|t:|1685384952\n|switch|p1a: Tentacruel|Tentacruel, L84, F|272/272\n|turn|14\n|\n|t:|1685384961\n|move|p1a: Tentacruel|Sludge Bomb|p2a: Azumarill\n|-supereffective|p2a: Azumarill\n|-damage|p2a: Azumarill|0 fnt\n|faint|p2a: Azumarill\n|\n|-weather|RainDance|[upkeep]\n|upkeep\n|\n|t:|1685384973\n|switch|p2a: Thundurus|Thundurus-Therian, L80, M|258/258\n|turn|15\n|\n|t:|1685384993\n|switch|p1a: Centiskorch|Centiskorch, L84, M|305/305\n|switch|p2a: Whiscash|Whiscash, L86, F|309/329 psn\n|-damage|p2a: Whiscash|289/329 psn|[from] Stealth Rock\n|\n|-weather|RainDance|[upkeep]\n|-damage|p2a: Whiscash|248/329 psn|[from] psn\n|upkeep\n|turn|16\n|\n|t:|1685385007\n|switch|p1a: Shiinotic|Shiinotic, L86, M|210/243\n|move|p2a: Whiscash|Stone Edge|p1a: Shiinotic\n|-damage|p1a: Shiinotic|112/243\n|\n|-weather|RainDance|[upkeep]\n|-heal|p1a: Shiinotic|127/243|[from] item: Leftovers\n|-damage|p2a: Whiscash|207/329 psn|[from] psn\n|-fieldend|Misty Terrain\n|upkeep\n|turn|17\n|\n|t:|1685385028\n|move|p2a: Whiscash|Stone Edge|p1a: Shiinotic\n|-damage|p1a: Shiinotic|27/243\n|move|p1a: Shiinotic|Strength Sap|p2a: Whiscash\n|-unboost|p2a: Whiscash|atk|1\n|-heal|p1a: Shiinotic|210/243\n|\n|-weather|none\n|-heal|p1a: Shiinotic|225/243|[from] item: Leftovers\n|-damage|p2a: Whiscash|166/329 psn|[from] psn\n|upkeep\n|turn|18\n|\n|t:|1685385032\n|move|p2a: Whiscash|Stone Edge|p1a: Shiinotic|[miss]\n|-miss|p2a: Whiscash|p1a: Shiinotic\n|move|p1a: Shiinotic|Leech Seed|p2a: Whiscash\n|-start|p2a: Whiscash|move: Leech Seed\n|\n|-heal|p1a: Shiinotic|240/243|[from] item: Leftovers\n|-damage|p2a: Whiscash|125/329 psn|[from] Leech Seed|[of] p1a: Shiinotic\n|-heal|p1a: Shiinotic|243/243|[silent]\n|-damage|p2a: Whiscash|84/329 psn|[from] psn\n|upkeep\n|turn|19\n|\n|t:|1685385050\n|move|p2a: Whiscash|Stone Edge|p1a: Shiinotic\n|-damage|p1a: Shiinotic|175/243\n|move|p1a: Shiinotic|Moonblast|p2a: Whiscash\n|-damage|p2a: Whiscash|0 fnt\n|faint|p2a: Whiscash\n|\n|-heal|p1a: Shiinotic|190/243|[from] item: Leftovers\n|upkeep\n|\n|t:|1685385058\n|switch|p2a: Zarude|Zarude, L78|184/292 psn\n|-damage|p2a: Zarude|148/292 psn|[from] Stealth Rock\n|turn|20\n|\n|t:|1685385063\n|move|p2a: Zarude|Power Whip|p1a: Shiinotic\n|-resisted|p1a: Shiinotic\n|-damage|p1a: Shiinotic|127/243\n|move|p1a: Shiinotic|Moonblast|p2a: Zarude\n|-supereffective|p2a: Zarude\n|-damage|p2a: Zarude|0 fnt\n|faint|p2a: Zarude\n|\n|-heal|p1a: Shiinotic|142/243|[from] item: Leftovers\n|upkeep\n|\n|t:|1685385066\n|switch|p2a: Thundurus|Thundurus-Therian, L80, M|258/258\n|turn|21\n|\n|t:|1685385069\n|move|p2a: Thundurus|Nasty Plot|p2a: Thundurus\n|-boost|p2a: Thundurus|spa|2\n|move|p1a: Shiinotic|Spore|p2a: Thundurus\n|-status|p2a: Thundurus|slp|[from] move: Spore\n|\n|-heal|p1a: Shiinotic|157/243|[from] item: Leftovers\n|upkeep\n|turn|22\n|inactive|small jigglypuffs has 90 seconds left.\n|\n|t:|1685385085\n|cant|p2a: Thundurus|slp\n|move|p1a: Shiinotic|Leech Seed|p2a: Thundurus\n|-start|p2a: Thundurus|move: Leech Seed\n|\n|-heal|p1a: Shiinotic|172/243|[from] item: Leftovers\n|-damage|p2a: Thundurus|226/258 slp|[from] Leech Seed|[of] p1a: Shiinotic\n|-heal|p1a: Shiinotic|204/243|[silent]\n|upkeep\n|turn|23\n|\n|t:|1685385087\n|-curestatus|p2a: Thundurus|slp|[msg]\n|move|p2a: Thundurus|Thunderbolt|p1a: Shiinotic\n|-resisted|p1a: Shiinotic\n|-damage|p1a: Shiinotic|90/243\n|move|p1a: Shiinotic|Moonblast|p2a: Thundurus\n|-damage|p2a: Thundurus|106/258\n|\n|-heal|p1a: Shiinotic|105/243|[from] item: Leftovers\n|-damage|p2a: Thundurus|74/258|[from] Leech Seed|[of] p1a: Shiinotic\n|-heal|p1a: Shiinotic|137/243|[silent]\n|upkeep\n|turn|24\n|\n|t:|1685385099\n|move|p2a: Thundurus|Thunderbolt|p1a: Shiinotic\n|-resisted|p1a: Shiinotic\n|-damage|p1a: Shiinotic|32/243\n|move|p1a: Shiinotic|Moonblast|p2a: Thundurus\n|-damage|p2a: Thundurus|0 fnt\n|faint|p2a: Thundurus\n|\n|win|NasaKhatarnak1\n|raw|NasaKhatarnak1's rating: 1079 &rarr; <strong>1108</strong><br />(+29 for winning)\n|raw|small jigglypuffs's rating: 1087 &rarr; <strong>1063</strong><br />(-24 for losing)\n|l|\u2606small jigglypuffs\n", "inputlog": ">version 6fec31d5a0d4498a06105aa188c9906bc0b6bf95\n>start {\"formatid\":\"gen8randombattle\",\"seed\":[3424,7173,46545,27912],\"rated\":\"Rated battle\"}\n>player p1 {\"name\":\"NasaKhatarnak1\",\"avatar\":\"170\",\"rating\":1079,\"seed\":[2707,41541,34386,44635]}\n>player p2 {\"name\":\"small jigglypuffs\",\"avatar\":\"1\",\"rating\":1087,\"seed\":[56684,52442,35878,64262]}\n>p1 move toxicspikes\n>p2 switch 3\n>p1 switch 2\n>p2 move zenheadbutt\n>p1 move leechseed\n>p2 switch 3\n>p1 switch 3\n>p2 move knockoff\n>p1 move stealthrock\n>p2 switch 4\n>p1 switch 4\n>p2 move bulkup\n>p1 move firelash\n>p2 switch 2\n>p1 move powerwhip\n>p2 move reflect\n>p2 switch 3\n>p1 switch 3\n>p2 switch 2\n>p1 move moonblast\n>p2 switch 6\n>p1 move moonblast\n>p2 move energyball\n>p2 switch 4\n>p1 switch 4\n>p2 move playrough dynamax\n>p1 move moonblast\n>p2 move aquajet dynamax\n>p1 switch 2\n>p1 move sludgebomb\n>p2 move liquidation dynamax\n>p2 switch 5\n>p1 switch 3\n>p2 switch 2\n>p1 switch 4\n>p2 move stoneedge\n>p1 move strengthsap\n>p2 move stoneedge\n>p1 move leechseed\n>p2 move stoneedge\n>p1 move moonblast\n>p2 move stoneedge\n>p2 switch 6\n>p1 move moonblast\n>p2 move powerwhip\n>p2 switch 2\n>p1 move spore\n>p2 move nastyplot\n>p1 move leechseed\n>p2 move thunderbolt\n>p1 move moonblast\n>p2 move thunderbolt\n>p1 move moonblast\n>p2 move thunderbolt", "uploadtime": 1685385103, "views": 3, "p1id": "nasakhatarnak1", "p2id": "smalljigglypuffs", "formatid": "gen8randombattle", "rating": 1063, "private": 0, "password": ""}