|j|☆XYZ15
|j|☆Lord Rekkuza
|t:|1685135793
|gametype|singles
|player|p1|XYZ15|rei|
|player|p2|Lord Rekkuza|lance-masters|
|teamsize|p1|6
|teamsize|p2|6
|gen|8
|tier|[Gen 8] Random Battle
|rule|Species Clause: Limit one of each Pokémon
|rule|HP Percentage Mod: HP is shown in percentages
|rule|Sleep Clause Mod: Limit one foe put to sleep
|
|t:|1685135793
|start
|switch|p1a: Tornadus|Tornadus, L80, M|258/258
|switch|p2a: Morpeko|Morpeko, L86, F|240/240
|turn|1
|inactive|Battle timer is ON: inactive players will automatically lose when time's up. (requested by Lord Rekkuza)
|inactive|Lord Rekkuza has 270 seconds left.
|
|t:|1685135837
|switch|p1a: Stakataka|Stakataka, L80|229/229
|move|p2a: Morpeko|Parting Shot|p1a: Stakataka
|-unboost|p1a: Stakataka|atk|1
|-unboost|p1a: Stakataka|spa|1
|inactive|Lord Rekkuza has 270 seconds left.
|
|t:|1685135885
|switch|p2a: Palossand|Palossand, L86, F|286/286|[from] Parting Shot
|
|upkeep
|turn|2
|inactive|XYZ15 has 270 seconds left.
|
|t:|1685135923
|switch|p1a: Araquanid|Araquanid, L80, M|240/240
|move|p2a: Palossand|Toxic|p1a: Araquanid
|-status|p1a: Araquanid|tox
|
|-damage|p1a: Araquanid|225/240 tox|[from] psn
|upkeep
|turn|3
|inactive|Lord Rekkuza has 240 seconds left.
|
|t:|1685135967
|switch|p2a: Torkoal|Torkoal, L86, F|261/261
|-weather|SunnyDay|[from] ability: Drought|[of] p2a: Torkoal
|move|p1a: Araquanid|Toxic|p2a: Torkoal
|-status|p2a: Torkoal|tox
|
|-weather|SunnyDay|[upkeep]
|-damage|p1a: Araquanid|195/240 tox|[from] psn
|-damage|p2a: Torkoal|245/261 tox|[from] psn
|upkeep
|turn|4
|inactive|XYZ15 has 270 seconds left.
|
|t:|1685135995
|move|p2a: Torkoal|Lava Plume|p1a: Araquanid
|-damage|p1a: Araquanid|146/240 tox
|move|p1a: Araquanid|Mirror Coat|p2a: Torkoal
|-damage|p2a: Torkoal|147/261 tox
|
|-weather|SunnyDay|[upkeep]
|-damage|p1a: Araquanid|101/240 tox|[from] psn
|-damage|p2a: Torkoal|115/261 tox|[from] psn
|upkeep
|turn|5
|
|t:|1685136003
|switch|p1a: Tornadus|Tornadus, L80, M|258/258
|move|p2a: Torkoal|Earthquake|p1a: Tornadus
|-immune|p1a: Tornadus
|
|-weather|SunnyDay|[upkeep]
|-damage|p2a: Torkoal|67/261 tox|[from] psn
|upkeep
|turn|6
|inactive|XYZ15 has 270 seconds left.
|
|t:|1685136010
|switch|p2a: Slowking|Slowking, L86, F|304/304
|move|p1a: Tornadus|Heat Wave|p2a: Slowking
|-resisted|p2a: Slowking
|-damage|p2a: Slowking|254/304
|
|-weather|SunnyDay|[upkeep]
|-heal|p2a: Slowking|273/304|[from] item: Leftovers
|upkeep
|turn|7
|inactive|Lord Rekkuza has 240 seconds left.
|
|t:|1685136024
|move|p1a: Tornadus|Nasty Plot|p1a: Tornadus
|-boost|p1a: Tornadus|spa|2
|move|p2a: Slowking|Psyshock|p1a: Tornadus
|-damage|p1a: Tornadus|141/258
|
|-weather|none
|-heal|p2a: Slowking|292/304|[from] item: Leftovers
|upkeep
|turn|8
|inactive|Lord Rekkuza has 240 seconds left.
|inactive|Lord Rekkuza has 210 seconds left.
|
|t:|1685136086
|move|p1a: Tornadus|Grass Knot|p2a: Slowking
|-supereffective|p2a: Slowking
|-damage|p2a: Slowking|90/304
|move|p2a: Slowking|Scald|p1a: Tornadus
|-damage|p1a: Tornadus|44/258
|-status|p1a: Tornadus|brn
|
|-heal|p2a: Slowking|109/304|[from] item: Leftovers
|-damage|p1a: Tornadus|28/258 brn|[from] brn
|upkeep
|turn|9
|
|t:|1685136104
|switch|p2a: Torkoal|Torkoal, L86, F|67/261 tox
|-weather|SunnyDay|[from] ability: Drought|[of] p2a: Torkoal
|move|p1a: Tornadus|Grass Knot|p2a: Torkoal
|-resisted|p2a: Torkoal
|-damage|p2a: Torkoal|0 fnt
|faint|p2a: Torkoal
|
|-weather|SunnyDay|[upkeep]
|-damage|p1a: Tornadus|12/258 brn|[from] brn
|upkeep
|inactive|Lord Rekkuza has 180 seconds left.
|
|t:|1685136121
|switch|p2a: Meowstic|Meowstic-F, L86, F|268/268
|turn|10
|inactive|Lord Rekkuza has 180 seconds left.
|inactive|XYZ15 has 270 seconds left.
|
|t:|1685136148
|switch|p1a: Stakataka|Stakataka, L80|229/229
|move|p2a: Meowstic|Shadow Ball|p1a: Stakataka
|-damage|p1a: Stakataka|158/229
|-damage|p2a: Meowstic|242/268|[from] item: Life Orb
|
|-weather|SunnyDay|[upkeep]
|upkeep
|turn|11
|
|t:|1685136157
|switch|p2a: Palossand|Palossand, L86, F|286/286
|move|p1a: Stakataka|Gyro Ball|p2a: Palossand
|-damage|p2a: Palossand|124/286
|
|-weather|SunnyDay|[upkeep]
|-heal|p2a: Palossand|141/286|[from] item: Leftovers
|upkeep
|turn|12
|
|t:|1685136163
|switch|p1a: Articuno|Articuno, L84|288/288
|-ability|p1a: Articuno|Pressure
|move|p2a: Palossand|Earth Power|p1a: Articuno
|-immune|p1a: Articuno
|
|-weather|SunnyDay|[upkeep]
|-heal|p2a: Palossand|158/286|[from] item: Leftovers
|upkeep
|turn|13
|inactive|Lord Rekkuza has 180 seconds left.
|
|t:|1685136191
|switch|p2a: Morpeko|Morpeko, L86, F|240/240
|move|p1a: Articuno|Freeze-Dry|p2a: Morpeko
|-damage|p2a: Morpeko|140/240
|
|-weather|none
|-formechange|p2a: Morpeko|Morpeko-Hangry||[from] ability: Hunger Switch
|upkeep
|turn|14
|inactive|Lord Rekkuza has 180 seconds left.
|
|t:|1685136207
|switch|p1a: Rotom|Rotom-Mow, L86|226/226
|move|p2a: Morpeko|Aura Wheel|p1a: Rotom
|-damage|p1a: Rotom|73/226
|-boost|p2a: Morpeko|spe|1
|
|-heal|p1a: Rotom|87/226|[from] item: Leftovers
|-formechange|p2a: Morpeko|Morpeko||[from] ability: Hunger Switch
|upkeep
|turn|15
|inactive|Lord Rekkuza has 180 seconds left.
|inactive|Lord Rekkuza has 150 seconds left.
|
|t:|1685136254
|switch|p2a: Slowking|Slowking, L86, F|210/304
|move|p1a: Rotom|Leaf Storm|p2a: Slowking|[miss]
|-miss|p1a: Rotom|p2a: Slowking
|
|-heal|p1a: Rotom|101/226|[from] item: Leftovers
|-heal|p2a: Slowking|229/304|[from] item: Leftovers
|upkeep
|turn|16
|
|t:|1685136263
|move|p1a: Rotom|Thunderbolt|p2a: Slowking
|-supereffective|p2a: Slowking
|-damage|p2a: Slowking|43/304
|move|p2a: Slowking|Psyshock|p1a: Rotom
|-crit|p1a: Rotom
|-damage|p1a: Rotom|0 fnt
|faint|p1a: Rotom
|
|-heal|p2a: Slowking|62/304|[from] item: Leftovers
|upkeep
|
|t:|1685136268
|switch|p1a: Heracross|Heracross, L82, M|265/265
|turn|17
|inactive|Lord Rekkuza has 150 seconds left.
|
|t:|1685136297
|move|p1a: Heracross|Knock Off|p2a: Slowking
|-supereffective|p2a: Slowking
|-damage|p2a: Slowking|0 fnt
|-enditem|p2a: Slowking|Leftovers|[from] move: Knock Off|[of] p1a: Heracross
|faint|p2a: Slowking
|
|-status|p1a: Heracross|brn|[from] item: Flame Orb
|upkeep
|inactive|Lord Rekkuza has 120 seconds left.
|inactive|Lord Rekkuza has 90 seconds left.
|
|t:|1685136366
|switch|p2a: Meowstic|Meowstic-F, L86, F|242/268
|turn|18
|
|t:|1685136386
|switch|p1a: Stakataka|Stakataka, L80|158/229
|-start|p2a: Meowstic|Dynamax|
|-heal|p2a: Meowstic|484/536|[silent]
|move|p2a: Meowstic|Max Mindstorm|p1a: Stakataka
|-resisted|p1a: Stakataka
|-damage|p1a: Stakataka|84/229
|-fieldstart|move: Psychic Terrain
|-damage|p2a: Meowstic|458/536|[from] item: Life Orb
|
|upkeep
|turn|19
|
|t:|1685136397
|move|p2a: Meowstic|Max Phantasm|p1a: Stakataka
|-damage|p1a: Stakataka|0 fnt
|faint|p1a: Stakataka
|-damage|p2a: Meowstic|432/536|[from] item: Life Orb
|
|upkeep
|
|t:|1685136407
|switch|p1a: Articuno|Articuno, L84|288/288
|-ability|p1a: Articuno|Pressure
|turn|20
|
|t:|1685136414
|move|p2a: Meowstic|Max Mindstorm|p1a: Articuno
|-damage|p1a: Articuno|127/288
|-damage|p2a: Meowstic|406/536|[from] item: Life Orb
|move|p1a: Articuno|Toxic|p2a: Meowstic
|-status|p2a: Meowstic|tox
|
|-damage|p2a: Meowstic|390/536 tox|[from] psn
|upkeep
|-end|p2a: Meowstic|Dynamax
|-heal|p2a: Meowstic|195/268 tox|[silent]
|turn|21
|
|t:|1685136435
|move|p2a: Meowstic|Psychic|p1a: Articuno
|-damage|p1a: Articuno|5/288
|-damage|p2a: Meowstic|169/268 tox|[from] item: Life Orb
|move|p1a: Articuno|Roost|p1a: Articuno
|-heal|p1a: Articuno|149/288
|-singleturn|p1a: Articuno|move: Roost
|
|-damage|p2a: Meowstic|137/268 tox|[from] psn
|upkeep
|turn|22
|
|t:|1685136441
|switch|p2a: Morpeko|Morpeko, L86, F|140/240
|move|p1a: Articuno|Roost|p1a: Articuno
|-heal|p1a: Articuno|288/288
|-singleturn|p1a: Articuno|move: Roost
|
|-fieldend|move: Psychic Terrain
|-formechange|p2a: Morpeko|Morpeko-Hangry||[from] ability: Hunger Switch
|upkeep
|turn|23
|
|t:|1685136458
|move|p2a: Morpeko|Aura Wheel|p1a: Articuno
|-damage|p1a: Articuno|129/288
|-boost|p2a: Morpeko|spe|1
|move|p1a: Articuno|Toxic|p2a: Morpeko
|-status|p2a: Morpeko|tox
|
|-damage|p2a: Morpeko|125/240 tox|[from] psn
|-formechange|p2a: Morpeko|Morpeko||[from] ability: Hunger Switch
|upkeep
|turn|24
|
|t:|1685136479
|-start|p1a: Articuno|Dynamax|
|-heal|p1a: Articuno|258/576|[silent]
|move|p1a: Articuno|Max Guard|p1a: Articuno
|-singleturn|p1a: Articuno|Max Guard
|move|p2a: Morpeko|Aura Wheel|p1a: Articuno
|-activate|p1a: Articuno|move: Max Guard
|
|-damage|p2a: Morpeko|95/240 tox|[from] psn
|-formechange|p2a: Morpeko|Morpeko-Hangry||[from] ability: Hunger Switch
|upkeep
|turn|25
|inactive|Lord Rekkuza has 90 seconds left.
|
|t:|1685136509
|switch|p2a: Palossand|Palossand, L86, F|158/286
|move|p1a: Articuno|Max Hailstorm|p2a: Palossand
|-supereffective|p2a: Palossand
|-damage|p2a: Palossand|0 fnt
|-weather|Hail
|faint|p2a: Palossand
|
|-weather|Hail|[upkeep]
|upkeep
|
|t:|1685136522
|switch|p2a: Urshifu|Urshifu, L76, M|277/277
|turn|26
|inactive|XYZ15 has 270 seconds left.
|
|t:|1685136559
|-end|p1a: Articuno|Dynamax
|-heal|p1a: Articuno|129/288|[silent]
|switch|p1a: Heracross|Heracross, L82, M|265/265 brn
|move|p2a: Urshifu|Wicked Blow|p1a: Heracross
|-resisted|p1a: Heracross
|-crit|p1a: Heracross
|-damage|p1a: Heracross|195/265 brn
|
|-weather|Hail|[upkeep]
|-damage|p2a: Urshifu|260/277|[from] Hail
|-damage|p1a: Heracross|179/265 brn|[from] Hail
|-heal|p2a: Urshifu|277/277|[from] item: Leftovers
|-damage|p1a: Heracross|163/265 brn|[from] brn
|upkeep
|turn|27
|inactive|XYZ15 has 270 seconds left.
|inactive|Lord Rekkuza has 90 seconds left.
|inactive|Lord Rekkuza has 60 seconds left.
|inactive|Lord Rekkuza has 30 seconds left.
|inactive|Lord Rekkuza has 20 seconds left.
|inactive|Lord Rekkuza has 15 seconds left.
|inactive|Lord Rekkuza has 10 seconds left.
|inactive|Lord Rekkuza has 5 seconds left.
|
|t:|1685136651
|move|p2a: Urshifu|Substitute|p2a: Urshifu
|-start|p2a: Urshifu|Substitute
|-damage|p2a: Urshifu|208/277
|move|p1a: Heracross|Close Combat|p2a: Urshifu
|-supereffective|p2a: Urshifu
|-end|p2a: Urshifu|Substitute
|-unboost|p1a: Heracross|def|1
|-unboost|p1a: Heracross|spd|1
|
|-weather|Hail|[upkeep]
|-damage|p2a: Urshifu|191/277|[from] Hail
|-damage|p1a: Heracross|147/265 brn|[from] Hail
|-heal|p2a: Urshifu|208/277|[from] item: Leftovers
|-damage|p1a: Heracross|131/265 brn|[from] brn
|upkeep
|turn|28
|inactive|Lord Rekkuza has 15 seconds left this turn.
|inactive|Lord Rekkuza has 10 seconds left.
|
|t:|1685136665
|switch|p1a: Tornadus|Tornadus, L80, M|12/258 brn
|move|p2a: Urshifu|Substitute|p2a: Urshifu
|-start|p2a: Urshifu|Substitute
|-damage|p2a: Urshifu|139/277
|
|-weather|Hail|[upkeep]
|-damage|p1a: Tornadus|0 fnt|[from] Hail
|-damage|p2a: Urshifu|122/277|[from] Hail
|faint|p1a: Tornadus
|-heal|p2a: Urshifu|139/277|[from] item: Leftovers
|upkeep
|inactive|Lord Rekkuza has 15 seconds left this turn.
|
|t:|1685136670
|switch|p1a: Heracross|Heracross, L82, M|131/265 brn
|turn|29
|inactive|Lord Rekkuza has 25 seconds left this turn.
|inactive|Lord Rekkuza has 20 seconds left.
|inactive|Lord Rekkuza has 15 seconds left.
|
|t:|1685136684
|move|p2a: Urshifu|Bulk Up|p2a: Urshifu
|-boost|p2a: Urshifu|atk|1
|-boost|p2a: Urshifu|def|1
|move|p1a: Heracross|Facade|p2a: Urshifu
|-end|p2a: Urshifu|Substitute
|
|-weather|none
|-heal|p2a: Urshifu|156/277|[from] item: Leftovers
|-damage|p1a: Heracross|115/265 brn|[from] brn
|upkeep
|turn|30
|inactive|Lord Rekkuza has 25 seconds left this turn.
|inactive|Lord Rekkuza has 20 seconds left.
|inactive|Lord Rekkuza has 15 seconds left.
|inactive|Lord Rekkuza has 10 seconds left.
|inactive|Lord Rekkuza has 5 seconds left.
|
|t:|1685136706
|move|p2a: Urshifu|Wicked Blow|p1a: Heracross
|-resisted|p1a: Heracross
|-crit|p1a: Heracross
|-damage|p1a: Heracross|0 fnt
|faint|p1a: Heracross
|
|-heal|p2a: Urshifu|173/277|[from] item: Leftovers
|upkeep
|inactive|Lord Rekkuza has 10 seconds left this turn.
|
|t:|1685136713
|switch|p1a: Araquanid|Araquanid, L80, M|101/240 tox
|turn|31
|inactive|Lord Rekkuza has 20 seconds left this turn.
|
|t:|1685136717
|move|p2a: Urshifu|Wicked Blow|p1a: Araquanid
|-crit|p1a: Araquanid
|-damage|p1a: Araquanid|0 fnt
|faint|p1a: Araquanid
|
|-heal|p2a: Urshifu|190/277|[from] item: Leftovers
|upkeep
|inactive|Lord Rekkuza has 25 seconds left this turn.
|
|t:|1685136719
|switch|p1a: Articuno|Articuno, L84|129/288
|-ability|p1a: Articuno|Pressure
|turn|32
|
|t:|1685136722
|move|p2a: Urshifu|Wicked Blow|p1a: Articuno
|-crit|p1a: Articuno
|-damage|p1a: Articuno|0 fnt
|faint|p1a: Articuno
|
|win|Lord Rekkuza
|c|☆XYZ15|gg
|c|☆Lord Rekkuza|gg
|c|☆XYZ15|1-1
