|j|☆chivalrouskricket
|j|☆liudaan
|t:|1685367003
|gametype|singles
|player|p1|chivalrouskricket|266|1303
|player|p2|liudaan|169|1402
|teamsize|p1|6
|teamsize|p2|6
|gen|8
|tier|[Gen 8] Random Battle
|rated|
|rule|Species Clause: Limit one of each Pokémon
|rule|HP Percentage Mod: HP is shown in percentages
|rule|Sleep Clause Mod: Limit one foe put to sleep
|
|t:|1685367003
|start
|switch|p1a: Kingdra|Kingdra, L82, M|257/257
|switch|p2a: Salazzle|Salazzle, L82, F|246/246
|turn|1
|
|t:|1685367040
|move|p2a: Salazzle|Toxic|p1a: Kingdra
|-status|p1a: Kingdra|tox
|move|p1a: Kingdra|Rain Dance|p1a: Kingdra
|-weather|RainDance
|
|-weather|RainDance|[upkeep]
|-damage|p1a: Kingdra|241/257 tox|[from] psn
|upkeep
|turn|2
|
|t:|1685367059
|switch|p2a: Wigglytuff|Wigglytuff, L90, F|398/398
|move|p1a: Kingdra|Hydro Pump|p2a: Wigglytuff
|-damage|p2a: Wigglytuff|116/398
|-damage|p1a: Kingdra|216/257 tox|[from] item: Life Orb
|
|-weather|RainDance|[upkeep]
|-damage|p1a: Kingdra|184/257 tox|[from] psn
|upkeep
|turn|3
|
|t:|1685367076
|switch|p1a: Roserade|Roserade, L84, F|238/238
|move|p2a: Wigglytuff|Dazzling Gleam|p1a: Roserade
|-resisted|p1a: Roserade
|-damage|p1a: Roserade|202/238
|
|-weather|RainDance|[upkeep]
|-heal|p1a: Roserade|216/238|[from] item: Black Sludge
|upkeep
|turn|4
|
|t:|1685367091
|move|p1a: Roserade|Sludge Bomb|p2a: Wigglytuff
|-supereffective|p2a: Wigglytuff
|-damage|p2a: Wigglytuff|0 fnt
|faint|p2a: Wigglytuff
|
|-weather|RainDance|[upkeep]
|-heal|p1a: Roserade|230/238|[from] item: Black Sludge
|upkeep
|
|t:|1685367105
|switch|p2a: Salazzle|Salazzle, L82, F|246/246
|turn|5
|
|t:|1685367114
|switch|p1a: Kingdra|Kingdra, L82, M|184/257 tox
|move|p2a: Salazzle|Flamethrower|p1a: Kingdra
|-resisted|p1a: Kingdra
|-damage|p1a: Kingdra|173/257 tox
|
|-weather|none
|-damage|p1a: Kingdra|157/257 tox|[from] psn
|upkeep
|turn|6
|
|t:|1685367150
|switch|p2a: Tapu Koko|Tapu Koko, L78|237/237
|-fieldstart|move: Electric Terrain|[from] ability: Electric Surge|[of] p2a: Tapu Koko
|switch|p1a: Roserade|Roserade, L84, F|230/238
|
|-heal|p1a: Roserade|238/238|[from] item: Black Sludge
|upkeep
|turn|7
|
|t:|1685367168
|switch|p2a: Salazzle|Salazzle, L82, F|246/246
|move|p1a: Roserade|Leaf Storm|p2a: Salazzle
|-resisted|p2a: Salazzle
|-damage|p2a: Salazzle|192/246
|-unboost|p1a: Roserade|spa|2
|
|-heal|p2a: Salazzle|207/246|[from] item: Black Sludge
|upkeep
|turn|8
|
|t:|1685367184
|switch|p1a: Kingdra|Kingdra, L82, M|157/257 tox
|move|p2a: Salazzle|Flamethrower|p1a: Kingdra
|-resisted|p1a: Kingdra
|-crit|p1a: Kingdra
|-damage|p1a: Kingdra|122/257 tox
|
|-heal|p2a: Salazzle|222/246|[from] item: Black Sludge
|-damage|p1a: Kingdra|106/257 tox|[from] psn
|upkeep
|turn|9
|
|t:|1685367199
|-start|p1a: Kingdra|Dynamax|
|-heal|p1a: Kingdra|212/514 tox|[silent]
|move|p2a: Salazzle|Protect|p2a: Salazzle
|-singleturn|p2a: Salazzle|Protect
|move|p1a: Kingdra|Max Geyser|p2a: Salazzle
|-supereffective|p2a: Salazzle
|-zbroken|p2a: Salazzle
|-damage|p2a: Salazzle|110/246
|-weather|RainDance
|-damage|p1a: Kingdra|187/514 tox|[from] item: Life Orb
|
|-weather|RainDance|[upkeep]
|-heal|p2a: Salazzle|125/246|[from] item: Black Sludge
|-damage|p1a: Kingdra|155/514 tox|[from] psn
|upkeep
|turn|10
|
|t:|1685367217
|move|p2a: Salazzle|Protect||[still]
|-fail|p2a: Salazzle
|move|p1a: Kingdra|Max Airstream|p2a: Salazzle
|-damage|p2a: Salazzle|0 fnt
|-boost|p1a: Kingdra|spe|1
|faint|p2a: Salazzle
|-damage|p1a: Kingdra|130/514 tox|[from] item: Life Orb
|
|-weather|RainDance|[upkeep]
|-damage|p1a: Kingdra|82/514 tox|[from] psn
|-fieldend|move: Electric Terrain
|upkeep
|l|☆chivalrouskricket
|player|p1|
|j|☆chivalrouskricket
|player|p1|chivalrouskricket|266
|
|t:|1685367244
|switch|p2a: Dusknoir|Dusknoir, L86, M|218/218
|-item|p1a: Kingdra|Life Orb|[from] ability: Frisk|[of] p2a: Dusknoir|[identify]
|turn|11
|inactive|Battle timer is ON: inactive players will automatically lose when time's up. (requested by liudaan)
|
|t:|1685367299
|move|p1a: Kingdra|Max Geyser|p2a: Dusknoir
|-damage|p2a: Dusknoir|27/218
|-damage|p1a: Kingdra|57/514 tox|[from] item: Life Orb
|move|p2a: Dusknoir|Earthquake|p1a: Kingdra
|-damage|p1a: Kingdra|0 fnt
|faint|p1a: Kingdra
|
|-weather|RainDance|[upkeep]
|-heal|p2a: Dusknoir|40/218|[from] item: Leftovers
|upkeep
|
|t:|1685367317
|switch|p1a: Roserade|Roserade, L84, F|238/238
|turn|12
|
|t:|1685367324
|move|p1a: Roserade|Sludge Bomb|p2a: Dusknoir
|-resisted|p2a: Dusknoir
|-damage|p2a: Dusknoir|0 fnt
|faint|p2a: Dusknoir
|
|-weather|RainDance|[upkeep]
|upkeep
|
|t:|1685367333
|switch|p2a: Magmortar|Magmortar, L86, M|269/269
|turn|13
|
|t:|1685367340
|switch|p1a: Omastar|Omastar, L82, M|249/249
|move|p2a: Magmortar|Fire Blast|p1a: Omastar
|-resisted|p1a: Omastar
|-damage|p1a: Omastar|227/249
|
|-weather|none
|upkeep
|turn|14
|
|t:|1685367355
|move|p2a: Magmortar|Focus Blast|p1a: Omastar|[miss]
|-miss|p2a: Magmortar|p1a: Omastar
|move|p1a: Omastar|Shell Smash|p1a: Omastar
|-unboost|p1a: Omastar|def|1
|-unboost|p1a: Omastar|spd|1
|-boost|p1a: Omastar|atk|2
|-boost|p1a: Omastar|spa|2
|-boost|p1a: Omastar|spe|2
|-enditem|p1a: Omastar|White Herb
|-clearnegativeboost|p1a: Omastar|[silent]
|
|upkeep
|turn|15
|
|t:|1685367368
|move|p1a: Omastar|Earth Power|p2a: Magmortar
|-supereffective|p2a: Magmortar
|-damage|p2a: Magmortar|9/269
|move|p2a: Magmortar|Focus Blast|p1a: Omastar
|-supereffective|p1a: Omastar
|-damage|p1a: Omastar|0 fnt
|faint|p1a: Omastar
|
|upkeep
|
|t:|1685367377
|switch|p1a: Roserade|Roserade, L84, F|238/238
|turn|16
|
|t:|1685367384
|move|p1a: Roserade|Sludge Bomb|p2a: Magmortar
|-damage|p2a: Magmortar|0 fnt
|faint|p2a: Magmortar
|
|upkeep
|
|t:|1685367389
|switch|p2a: Umbreon|Umbreon, L82, F|290/290
|turn|17
|
|t:|1685367411
|move|p1a: Roserade|Sleep Powder|p2a: Umbreon
|-status|p2a: Umbreon|slp|[from] move: Sleep Powder
|cant|p2a: Umbreon|slp
|
|upkeep
|turn|18
|c|☆liudaan|傻逼
|inactive|chivalrouskricket has 120 seconds left.
|inactive|liudaan has 120 seconds left.
|-message|liudaan forfeited.
|
|win|chivalrouskricket
|raw|chivalrouskricket's rating: 1303 &rarr; <strong>1329</strong><br />(+26 for winning)
|raw|liudaan's rating: 1402 &rarr; <strong>1376</strong><br />(-26 for losing)
|l|☆liudaan
|j|☆liudaan
|player|p2|liudaan|169
|l|☆liudaan
|player|p2|
