{"id": "gen8randombattle-1873594077", "p1": "5i5j5u585y5hy", "p2": "tfjfjfhkfhvh", "format": "[Gen 8] Random Battle", "log": "|j|\u26065i5j5u585y5hy\n|j|\u2606tfjfjfhkfhvh\n|t:|1685394172\n|gametype|singles\n|player|p1|5i5j5u585y5hy|bea|1000\n|player|p2|tfjfjfhkfhvh|101|1055\n|teamsize|p1|6\n|teamsize|p2|6\n|gen|8\n|tier|[Gen 8] Random Battle\n|rated|\n|rule|Species Clause: Limit one of each Pok\u00e9mon\n|rule|HP Percentage Mod: HP is shown in percentages\n|rule|Sleep Clause Mod: Limit one foe put to sleep\n|\n|t:|1685394172\n|start\n|switch|p1a: Barbaracle|Barbaracle, L80, M|246/246\n|switch|p2a: Golurk|Golurk, L82|280/280\n|turn|1\n|\n|t:|1685394181\n|switch|p2a: Keldeo|Keldeo-Resolute, L79|273/273\n|move|p1a: Barbaracle|Shell Smash|p1a: Barbaracle\n|-unboost|p1a: Barbaracle|def|1\n|-unboost|p1a: Barbaracle|spd|1\n|-boost|p1a: Barbaracle|atk|2\n|-boost|p1a: Barbaracle|spa|2\n|-boost|p1a: Barbaracle|spe|2\n|-enditem|p1a: Barbaracle|White Herb\n|-clearnegativeboost|p1a: Barbaracle|[silent]\n|\n|upkeep\n|turn|2\n|\n|t:|1685394186\n|move|p1a: Barbaracle|Stone Edge|p2a: Keldeo\n|-resisted|p2a: Keldeo\n|-damage|p2a: Keldeo|174/273\n|move|p2a: Keldeo|Secret Sword|p1a: Barbaracle\n|-supereffective|p1a: Barbaracle\n|-damage|p1a: Barbaracle|4/246\n|\n|upkeep\n|turn|3\n|\n|t:|1685394190\n|move|p1a: Barbaracle|Liquidation|p2a: Keldeo\n|-resisted|p2a: Keldeo\n|-damage|p2a: Keldeo|50/273\n|-unboost|p2a: Keldeo|def|1\n|move|p2a: Keldeo|Secret Sword|p1a: Barbaracle\n|-supereffective|p1a: Barbaracle\n|-damage|p1a: Barbaracle|0 fnt\n|faint|p1a: Barbaracle\n|\n|upkeep\n|\n|t:|1685394193\n|switch|p1a: Shiinotic|Shiinotic, L86, F|243/243\n|turn|4\n|\n|t:|1685394207\n|switch|p2a: Entei|Entei, L78|307/307\n|move|p1a: Shiinotic|Energy Ball|p2a: Entei\n|-resisted|p2a: Entei\n|-damage|p2a: Entei|249/307\n|-unboost|p2a: Entei|spd|1\n|\n|upkeep\n|turn|5\n|\n|t:|1685394211\n|switch|p1a: Sudowoodo|Sudowoodo, L87, M|264/264\n|move|p2a: Entei|Sacred Fire|p1a: Sudowoodo\n|-resisted|p1a: Sudowoodo\n|-damage|p1a: Sudowoodo|203/264\n|-status|p1a: Sudowoodo|brn\n|\n|-heal|p1a: Sudowoodo|219/264 brn|[from] item: Leftovers\n|-damage|p1a: Sudowoodo|203/264 brn|[from] brn\n|upkeep\n|turn|6\n|\n|t:|1685394220\n|switch|p2a: Golurk|Golurk, L82|280/280\n|move|p1a: Sudowoodo|Stealth Rock|p2a: Golurk\n|-sidestart|p2: tfjfjfhkfhvh|move: Stealth Rock\n|\n|-heal|p1a: Sudowoodo|219/264 brn|[from] item: Leftovers\n|-damage|p1a: Sudowoodo|203/264 brn|[from] brn\n|upkeep\n|turn|7\n|\n|t:|1685394228\n|move|p1a: Sudowoodo|Sucker Punch|p2a: Golurk\n|-supereffective|p2a: Golurk\n|-damage|p2a: Golurk|219/280\n|move|p2a: Golurk|Earthquake|p1a: Sudowoodo\n|-supereffective|p1a: Sudowoodo\n|-damage|p1a: Sudowoodo|0 fnt\n|faint|p1a: Sudowoodo\n|-damage|p2a: Golurk|191/280|[from] item: Life Orb\n|\n|upkeep\n|\n|t:|1685394235\n|switch|p1a: Dugtrio|Dugtrio, L82, F|192/192\n|turn|8\n|\n|t:|1685394242\n|move|p1a: Dugtrio|Earthquake|p2a: Golurk\n|-damage|p2a: Golurk|20/280\n|move|p2a: Golurk|Poltergeist|p1a: Dugtrio\n|-activate|p1a: Dugtrio|move: Poltergeist|Choice Band\n|-damage|p1a: Dugtrio|0 fnt\n|faint|p1a: Dugtrio\n|-damage|p2a: Golurk|0 fnt|[from] item: Life Orb\n|faint|p2a: Golurk\n|\n|upkeep\n|\n|t:|1685394251\n|switch|p1a: Hitmonlee|Hitmonlee, L84, M|221/221\n|switch|p2a: Entei|Entei, L78|249/307\n|-damage|p2a: Entei|173/307|[from] Stealth Rock\n|turn|9\n|\n|t:|1685394255\n|move|p2a: Entei|Sacred Fire|p1a: Hitmonlee\n|-damage|p1a: Hitmonlee|0 fnt\n|faint|p1a: Hitmonlee\n|\n|upkeep\n|-message|5i5j5u585y5hy forfeited.\n|\n|win|tfjfjfhkfhvh\n|raw|5i5j5u585y5hy's rating: 1000 &rarr; <strong>1000</strong><br />(+0 for losing)\n|raw|tfjfjfhkfhvh's rating: 1055 &rarr; <strong>1082</strong><br />(+27 for winning)\n|l|\u26065i5j5u585y5hy\n", "inputlog": ">version 6fec31d5a0d4498a06105aa188c9906bc0b6bf95\n>start {\"formatid\":\"gen8randombattle\",\"seed\":[17908,22046,14987,17467],\"rated\":\"Rated battle\"}\n>player p1 {\"name\":\"5i5j5u585y5hy\",\"avatar\":\"bea\",\"rating\":1000,\"seed\":[12989,3540,11897,22409]}\n>player p2 {\"name\":\"tfjfjfhkfhvh\",\"avatar\":\"101\",\"rating\":1055,\"seed\":[56495,24668,15043,27786]}\n>p1 move shellsmash\n>p2 switch 4\n>p1 move stoneedge\n>p2 move secretsword\n>p1 move liquidation\n>p2 move secretsword\n>p1 switch 5\n>p1 move energyball\n>p2 switch 2\n>p1 switch 4\n>p2 move sacredfire\n>p1 move stealthrock\n>p2 switch 4\n>p1 move suckerpunch\n>p2 move earthquake\n>p1 switch 6\n>p1 move earthquake\n>p2 move poltergeist\n>p1 switch 2\n>p2 switch 4\n>p1 move closecombat\n>p2 move sacredfire\n>forcelose p1", "uploadtime": 1685394283, "views": 5, "p1id": "5i5j5u585y5hy", "p2id": "tfjfjfhkfhvh", "formatid": "gen8randombattle", "rating": 1000, "private": 0, "password": ""}