{"id": "gen8randombattle-1874188903", "p1": "Mastersatanr", "p2": "G\u00b5est71196173", "format": "[Gen 8] Random Battle", "log": "|j|\u2606Mastersatanr\n|j|\u2606G\u00b5est71196173\n|t:|1685471800\n|gametype|singles\n|player|p1|Mastersatanr|veteran|1617\n|player|p2|G\u00b5est71196173|palmer|1518\n|teamsize|p1|6\n|teamsize|p2|6\n|gen|8\n|tier|[Gen 8] Random Battle\n|rated|\n|rule|Species Clause: Limit one of each Pok\u00e9mon\n|rule|HP Percentage Mod: HP is shown in percentages\n|rule|Sleep Clause Mod: Limit one foe put to sleep\n|\n|t:|1685471800\n|start\n|switch|p1a: Hitmontop|Hitmontop, L85, M|224/224\n|switch|p2a: Weezing|Weezing, L86, F|252/252\n|turn|1\n|c|\u2606G\u00b5est71196173|hf\n|inactive|Battle timer is ON: inactive players will automatically lose when time's up. (requested by G\u00b5est71196173)\n|\n|t:|1685471825\n|switch|p1a: Swoobat|Swoobat, L86, F|255/255\n|move|p2a: Weezing|Will-O-Wisp|p1a: Swoobat|[miss]\n|-miss|p2a: Weezing|p1a: Swoobat\n|\n|upkeep\n|turn|2\n|\n|t:|1685471842\n|switch|p2a: Golisopod|Golisopod, L84, M|263/263\n|move|p1a: Swoobat|Calm Mind|p1a: Swoobat\n|-boost|p1a: Swoobat|spa|2\n|-boost|p1a: Swoobat|spd|2\n|\n|upkeep\n|turn|3\n|\n|t:|1685471849\n|move|p2a: Golisopod|First Impression|p1a: Swoobat\n|-crit|p1a: Swoobat\n|-damage|p1a: Swoobat|20/255\n|move|p1a: Swoobat|Stored Power|p2a: Golisopod\n|-damage|p2a: Golisopod|91/263\n|-activate|p2a: Golisopod|ability: Emergency Exit\n|\n|t:|1685471859\n|switch|p2a: Shuckle|Shuckle, L87, M|177/177\n|\n|upkeep\n|turn|4\n|\n|t:|1685471866\n|move|p1a: Swoobat|Roost|p1a: Swoobat\n|-heal|p1a: Swoobat|148/255\n|-singleturn|p1a: Swoobat|move: Roost\n|move|p2a: Shuckle|Knock Off|p1a: Swoobat\n|-supereffective|p1a: Swoobat\n|-damage|p1a: Swoobat|90/255\n|-enditem|p1a: Swoobat|Heavy-Duty Boots|[from] move: Knock Off|[of] p2a: Shuckle\n|\n|upkeep\n|turn|5\n|\n|t:|1685471874\n|move|p1a: Swoobat|Roost|p1a: Swoobat\n|-heal|p1a: Swoobat|218/255\n|-singleturn|p1a: Swoobat|move: Roost\n|move|p2a: Shuckle|Toxic|p1a: Swoobat\n|-status|p1a: Swoobat|tox\n|\n|-damage|p1a: Swoobat|203/255 tox|[from] psn\n|upkeep\n|turn|6\n|\n|t:|1685471881\n|move|p1a: Swoobat|Stored Power|p2a: Shuckle\n|-damage|p2a: Shuckle|90/177\n|move|p2a: Shuckle|Encore|p1a: Swoobat\n|-start|p1a: Swoobat|Encore\n|\n|-damage|p1a: Swoobat|173/255 tox|[from] psn\n|upkeep\n|turn|7\n|\n|t:|1685471887\n|move|p1a: Swoobat|Stored Power|p2a: Shuckle\n|-damage|p2a: Shuckle|9/177\n|move|p2a: Shuckle|Sticky Web|p1a: Swoobat\n|-sidestart|p1: Mastersatanr|move: Sticky Web\n|\n|-damage|p1a: Swoobat|128/255 tox|[from] psn\n|upkeep\n|turn|8\n|\n|t:|1685471896\n|move|p1a: Swoobat|Stored Power|p2a: Shuckle\n|-damage|p2a: Shuckle|0 fnt\n|faint|p2a: Shuckle\n|\n|-damage|p1a: Swoobat|68/255 tox|[from] psn\n|upkeep\n|\n|t:|1685471903\n|switch|p2a: Golisopod|Golisopod, L84, M|91/263\n|turn|9\n|\n|t:|1685471906\n|switch|p1a: Hitmontop|Hitmontop, L85, M|224/224\n|-activate|p1a: Hitmontop|move: Sticky Web\n|-unboost|p1a: Hitmontop|spe|1\n|move|p2a: Golisopod|First Impression|p1a: Hitmontop\n|-resisted|p1a: Hitmontop\n|-damage|p1a: Hitmontop|170/224\n|\n|-heal|p1a: Hitmontop|184/224|[from] item: Leftovers\n|upkeep\n|turn|10\n|\n|t:|1685471911\n|switch|p2a: Mewtwo|Mewtwo, L72|272/272\n|-ability|p2a: Mewtwo|Unnerve\n|move|p1a: Hitmontop|Rapid Spin|p2a: Mewtwo\n|-damage|p2a: Mewtwo|207/272\n|-boost|p1a: Hitmontop|spe|1\n|-sideend|p1: Mastersatanr|Sticky Web|[from] move: Rapid Spin|[of] p1a: Hitmontop\n|\n|-heal|p1a: Hitmontop|198/224|[from] item: Leftovers\n|upkeep\n|turn|11\n|\n|t:|1685471918\n|move|p2a: Mewtwo|Psystrike|p1a: Hitmontop\n|-supereffective|p1a: Hitmontop\n|-damage|p1a: Hitmontop|0 fnt\n|faint|p1a: Hitmontop\n|-damage|p2a: Mewtwo|180/272|[from] item: Life Orb\n|\n|upkeep\n|\n|t:|1685471939\n|switch|p1a: Regieleki|Regieleki, L78|253/253\n|turn|12\n|\n|t:|1685471949\n|move|p1a: Regieleki|Substitute|p1a: Regieleki\n|-start|p1a: Regieleki|Substitute\n|-damage|p1a: Regieleki|190/253\n|move|p2a: Mewtwo|Psystrike|p1a: Regieleki\n|-end|p1a: Regieleki|Substitute\n|-damage|p2a: Mewtwo|153/272|[from] item: Life Orb\n|\n|upkeep\n|turn|13\n|\n|t:|1685471954\n|move|p1a: Regieleki|Thunderbolt|p2a: Mewtwo\n|-damage|p2a: Mewtwo|0 fnt\n|faint|p2a: Mewtwo\n|\n|upkeep\n|\n|t:|1685471956\n|switch|p2a: Golisopod|Golisopod, L84, M|91/263\n|turn|14\n|\n|t:|1685471960\n|switch|p1a: Swoobat|Swoobat, L86, F|68/255 tox\n|move|p2a: Golisopod|First Impression|p1a: Swoobat\n|-damage|p1a: Swoobat|0 fnt\n|faint|p1a: Swoobat\n|\n|upkeep\n|\n|t:|1685471965\n|switch|p1a: Regieleki|Regieleki, L78|190/253\n|turn|15\n|\n|t:|1685471970\n|switch|p2a: Duraludon|Duraludon, L84, M|255/255\n|move|p1a: Regieleki|Thunderbolt|p2a: Duraludon\n|-resisted|p2a: Duraludon\n|-damage|p2a: Duraludon|147/255\n|\n|upkeep\n|turn|16\n|\n|t:|1685471978\n|move|p1a: Regieleki|Volt Switch|p2a: Duraludon\n|-resisted|p2a: Duraludon\n|-damage|p2a: Duraludon|66/255\n|\n|t:|1685471982\n|switch|p1a: Perrserker|Perrserker, L86, M|261/261|[from] Volt Switch\n|move|p2a: Duraludon|Draco Meteor|p1a: Perrserker\n|-resisted|p1a: Perrserker\n|-damage|p1a: Perrserker|134/261\n|-unboost|p2a: Duraludon|spa|2\n|-damage|p2a: Duraludon|41/255|[from] item: Life Orb\n|\n|upkeep\n|turn|17\n|\n|t:|1685471986\n|move|p2a: Duraludon|Body Press|p1a: Perrserker\n|-supereffective|p1a: Perrserker\n|-damage|p1a: Perrserker|0 fnt\n|faint|p1a: Perrserker\n|-damage|p2a: Duraludon|16/255|[from] item: Life Orb\n|\n|upkeep\n|\n|t:|1685471989\n|switch|p1a: Regieleki|Regieleki, L78|190/253\n|turn|18\n|\n|t:|1685471996\n|move|p1a: Regieleki|Thunderbolt|p2a: Duraludon\n|-resisted|p2a: Duraludon\n|-damage|p2a: Duraludon|0 fnt\n|faint|p2a: Duraludon\n|\n|upkeep\n|\n|t:|1685471998\n|switch|p2a: Golisopod|Golisopod, L84, M|91/263\n|turn|19\n|\n|t:|1685472003\n|switch|p1a: Zygarde|Zygarde, L70|267/267\n|move|p2a: Golisopod|First Impression|p1a: Zygarde\n|-damage|p1a: Zygarde|161/267\n|\n|-heal|p1a: Zygarde|177/267|[from] item: Leftovers\n|upkeep\n|turn|20\n|\n|t:|1685472011\n|switch|p2a: Pelipper|Pelipper, L86, F|243/243\n|-weather|RainDance|[from] ability: Drizzle|[of] p2a: Pelipper\n|move|p1a: Zygarde|Dragon Dance|p1a: Zygarde\n|-boost|p1a: Zygarde|atk|1\n|-boost|p1a: Zygarde|spe|1\n|\n|-weather|RainDance|[upkeep]\n|-heal|p1a: Zygarde|193/267|[from] item: Leftovers\n|upkeep\n|turn|21\n|\n|t:|1685472019\n|move|p1a: Zygarde|Outrage|p2a: Pelipper\n|-damage|p2a: Pelipper|129/243\n|move|p2a: Pelipper|Scald|p1a: Zygarde\n|-damage|p1a: Zygarde|34/267\n|-status|p1a: Zygarde|brn\n|\n|-weather|RainDance|[upkeep]\n|-heal|p1a: Zygarde|50/267 brn|[from] item: Leftovers\n|-damage|p1a: Zygarde|34/267 brn|[from] brn\n|-activate|p1a: Zygarde|ability: Power Construct\n|detailschange|p1a: Zygarde|Zygarde-Complete, L70\n|-heal|p1a: Zygarde|185/418 brn|[silent]\n|upkeep\n|turn|22\n|\n|t:|1685472023\n|move|p1a: Zygarde|Outrage|p2a: Pelipper|[from]lockedmove\n|-damage|p2a: Pelipper|69/243\n|-start|p1a: Zygarde|confusion|[fatigue]\n|move|p2a: Pelipper|Hurricane|p1a: Zygarde\n|-damage|p1a: Zygarde|47/418 brn\n|\n|-weather|RainDance|[upkeep]\n|-heal|p1a: Zygarde|73/418 brn|[from] item: Leftovers\n|-damage|p1a: Zygarde|47/418 brn|[from] brn\n|upkeep\n|turn|23\n|\n|t:|1685472026\n|-activate|p1a: Zygarde|confusion\n|move|p1a: Zygarde|Outrage|p2a: Pelipper\n|-damage|p2a: Pelipper|12/243\n|move|p2a: Pelipper|Roost|p2a: Pelipper\n|-heal|p2a: Pelipper|134/243\n|-singleturn|p2a: Pelipper|move: Roost\n|\n|-weather|RainDance|[upkeep]\n|-heal|p1a: Zygarde|73/418 brn|[from] item: Leftovers\n|-damage|p1a: Zygarde|47/418 brn|[from] brn\n|upkeep\n|turn|24\n|\n|t:|1685472029\n|-activate|p1a: Zygarde|confusion\n|move|p1a: Zygarde|Outrage|p2a: Pelipper|[from]lockedmove\n|-damage|p2a: Pelipper|74/243\n|move|p2a: Pelipper|Roost|p2a: Pelipper\n|-heal|p2a: Pelipper|196/243\n|-singleturn|p2a: Pelipper|move: Roost\n|\n|-weather|none\n|-heal|p1a: Zygarde|73/418 brn|[from] item: Leftovers\n|-damage|p1a: Zygarde|47/418 brn|[from] brn\n|upkeep\n|turn|25\n|\n|t:|1685472040\n|-activate|p1a: Zygarde|confusion\n|move|p1a: Zygarde|Outrage|p2a: Pelipper|[from]lockedmove\n|-damage|p2a: Pelipper|134/243\n|move|p2a: Pelipper|Roost|p2a: Pelipper\n|-heal|p2a: Pelipper|243/243\n|-singleturn|p2a: Pelipper|move: Roost\n|\n|-heal|p1a: Zygarde|73/418 brn|[from] item: Leftovers\n|-damage|p1a: Zygarde|47/418 brn|[from] brn\n|upkeep\n|turn|26\n|\n|t:|1685472050\n|-end|p1a: Zygarde|confusion\n|move|p1a: Zygarde|Dragon Dance|p1a: Zygarde\n|-boost|p1a: Zygarde|atk|1\n|-boost|p1a: Zygarde|spe|1\n|move|p2a: Pelipper|Scald|p1a: Zygarde\n|-damage|p1a: Zygarde|0 fnt\n|faint|p1a: Zygarde\n|\n|upkeep\n|\n|t:|1685472053\n|switch|p1a: Regieleki|Regieleki, L78|190/253\n|turn|27\n|\n|t:|1685472067\n|move|p1a: Regieleki|Substitute|p1a: Regieleki\n|-start|p1a: Regieleki|Substitute\n|-damage|p1a: Regieleki|127/253\n|move|p2a: Pelipper|Scald|p1a: Regieleki\n|-end|p1a: Regieleki|Substitute\n|\n|upkeep\n|turn|28\n|\n|t:|1685472070\n|move|p1a: Regieleki|Thunderbolt|p2a: Pelipper\n|-supereffective|p2a: Pelipper\n|-damage|p2a: Pelipper|0 fnt\n|faint|p2a: Pelipper\n|\n|upkeep\n|\n|t:|1685472073\n|switch|p2a: Golisopod|Golisopod, L84, M|91/263\n|turn|29\n|\n|t:|1685472075\n|switch|p1a: Tangrowth|Tangrowth, L84, M|305/305\n|move|p2a: Golisopod|First Impression|p1a: Tangrowth\n|-supereffective|p1a: Tangrowth\n|-damage|p1a: Tangrowth|111/305\n|-damage|p2a: Golisopod|48/263|[from] item: Rocky Helmet|[of] p1a: Tangrowth\n|\n|upkeep\n|turn|30\n|\n|t:|1685472081\n|switch|p2a: Weezing|Weezing, L86, F|252/252\n|move|p1a: Tangrowth|Leech Seed|p2a: Weezing\n|-start|p2a: Weezing|move: Leech Seed\n|\n|-damage|p2a: Weezing|221/252|[from] Leech Seed|[of] p1a: Tangrowth\n|-heal|p1a: Tangrowth|142/305|[silent]\n|upkeep\n|turn|31\n|\n|t:|1685472087\n|move|p2a: Weezing|Sludge Bomb|p1a: Tangrowth\n|-supereffective|p1a: Tangrowth\n|-damage|p1a: Tangrowth|0 fnt\n|faint|p1a: Tangrowth\n|\n|-heal|p2a: Weezing|236/252|[from] item: Black Sludge\n|upkeep\n|\n|t:|1685472089\n|switch|p1a: Regieleki|Regieleki, L78|127/253\n|turn|32\n|\n|t:|1685472105\n|-start|p1a: Regieleki|Dynamax|\n|-heal|p1a: Regieleki|254/506|[silent]\n|-start|p2a: Weezing|Dynamax|\n|-heal|p2a: Weezing|472/504|[silent]\n|move|p1a: Regieleki|Max Lightning|p2a: Weezing\n|-damage|p2a: Weezing|216/504\n|-fieldstart|move: Electric Terrain\n|move|p2a: Weezing|Max Flare|p1a: Regieleki\n|-damage|p1a: Regieleki|95/506\n|-weather|SunnyDay\n|\n|-weather|SunnyDay|[upkeep]\n|-heal|p2a: Weezing|231/504|[from] item: Black Sludge\n|-damage|p2a: Weezing|200/504|[from] Leech Seed|[of] p1a: Regieleki\n|-heal|p1a: Regieleki|126/506|[silent]\n|upkeep\n|turn|33\n|\n|t:|1685472110\n|move|p2a: Weezing|Max Guard|p2a: Weezing\n|-singleturn|p2a: Weezing|Max Guard\n|move|p1a: Regieleki|Max Lightning|p2a: Weezing\n|-activate|p2a: Weezing|move: Max Guard\n|\n|-weather|SunnyDay|[upkeep]\n|-heal|p2a: Weezing|215/504|[from] item: Black Sludge\n|-damage|p2a: Weezing|184/504|[from] Leech Seed|[of] p1a: Regieleki\n|-heal|p1a: Regieleki|157/506|[silent]\n|upkeep\n|turn|34\n|\n|t:|1685472116\n|move|p1a: Regieleki|Max Lightning|p2a: Weezing\n|-damage|p2a: Weezing|0 fnt\n|faint|p2a: Weezing\n|\n|-weather|SunnyDay|[upkeep]\n|upkeep\n|\n|t:|1685472118\n|switch|p2a: Golisopod|Golisopod, L84, M|48/263\n|-end|p1a: Regieleki|Dynamax\n|-heal|p1a: Regieleki|79/253|[silent]\n|turn|35\n|c|\u2606G\u00b5est71196173|gg\n|\n|t:|1685472122\n|move|p2a: Golisopod|First Impression|p1a: Regieleki\n|-damage|p1a: Regieleki|0 fnt\n|faint|p1a: Regieleki\n|\n|win|G\u00b5est71196173\n|raw|Mastersatanr's rating: 1617 &rarr; <strong>1591</strong><br />(-26 for losing)\n|raw|G\u00b5est71196173's rating: 1518 &rarr; <strong>1544</strong><br />(+26 for winning)\n|l|\u2606Mastersatanr\n", "inputlog": ">version b04b3d7eb02acfee3319999ae188c673d8c969f3\n>start {\"formatid\":\"gen8randombattle\",\"seed\":[19051,30271,4987,57987],\"rated\":\"Rated battle\"}\n>player p1 {\"name\":\"Mastersatanr\",\"avatar\":\"veteran\",\"rating\":1617,\"seed\":[16053,38297,51643,15198]}\n>player p2 {\"name\":\"G\u00b5est71196173\",\"avatar\":\"palmer\",\"rating\":1518,\"seed\":[46309,56366,22086,27997]}\n>chat \u2606G\u00b5est71196173|hf\n>p1 switch 5\n>p2 move willowisp\n>p1 move calmmind\n>p2 switch 5\n>p1 move storedpower\n>p2 move firstimpression\n>p2 switch 4\n>p1 move roost\n>p2 move knockoff\n>p1 move roost\n>p2 move toxic\n>p1 move storedpower\n>p2 move encore\n>p1 move storedpower\n>p2 move stickyweb\n>p1 move storedpower\n>p2 move knockoff\n>p2 switch 4\n>p1 switch 5\n>p2 move firstimpression\n>p1 move rapidspin\n>p2 switch 6\n>p1 move toxic\n>p2 move psystrike\n>p1 switch 4\n>p1 move substitute\n>p2 move psystrike\n>p1 move thunderbolt\n>p2 move psystrike\n>p2 switch 6\n>p1 switch 5\n>p2 move firstimpression\n>p1 switch 5\n>p1 move thunderbolt\n>p2 switch 2\n>p1 move voltswitch\n>p2 move dracometeor\n>p1 switch 2\n>p1 move uturn\n>p2 move bodypress\n>p1 switch 2\n>p1 move thunderbolt\n>p2 move stealthrock\n>p2 switch 2\n>p1 switch 6\n>p2 move firstimpression\n>p1 move dragondance\n>p2 switch 3\n>p1 move outrage\n>p2 move scald\n>p1 move outrage\n>p2 move hurricane\n>p1 move outrage\n>p2 move roost\n>p1 move outrage\n>p2 move roost\n>p1 move outrage\n>p2 move roost\n>p1 move dragondance\n>p2 move scald\n>p1 switch 6\n>p1 move substitute\n>p2 move scald\n>p1 move thunderbolt\n>p2 move scald\n>p2 switch 3\n>p1 switch 3\n>p2 move firstimpression\n>p1 move leechseed\n>p2 switch 5\n>p1 move knockoff\n>p2 move sludgebomb\n>p1 switch 3\n>p1 move thunderbolt dynamax\n>p2 move fireblast dynamax\n>p1 move thunderbolt dynamax\n>p2 move painsplit dynamax\n>p1 move thunderbolt dynamax\n>p2 move fireblast dynamax\n>p2 switch 5\n>chat \u2606G\u00b5est71196173|gg\n>p1 move thunderbolt\n>p2 move firstimpression", "uploadtime": 1685472187, "views": 8, "p1id": "mastersatanr", "p2id": "gest71196173", "formatid": "gen8randombattle", "rating": 1544, "private": 0, "password": ""}