|j|☆badboyabc123
|j|☆Lime Samurai
|t:|1683782650
|gametype|singles
|player|p1|badboyabc123|ninjaboy|1410
|player|p2|Lime Samurai|265|1323
|teamsize|p1|6
|teamsize|p2|6
|gen|8
|tier|[Gen 8] Random Battle
|rated|
|rule|Species Clause: Limit one of each Pokémon
|rule|HP Percentage Mod: HP is shown in percentages
|rule|Sleep Clause Mod: Limit one foe put to sleep
|
|t:|1683782650
|start
|switch|p1a: Dugtrio|Dugtrio-Alola, L82, M|192/192
|switch|p2a: Mantine|Mantine, L86, M|286/286
|turn|1
|inactive|Battle timer is ON: inactive players will automatically lose when time's up. (requested by badboyabc123)
|c|☆Lime Samurai|glhf
|c|☆badboyabc123|u2
|
|t:|1683782664
|move|p1a: Dugtrio|Stealth Rock|p2a: Mantine
|-sidestart|p2: Lime Samurai|move: Stealth Rock
|move|p2a: Mantine|Scald|p1a: Dugtrio
|-supereffective|p1a: Dugtrio
|-damage|p1a: Dugtrio|12/192
|
|upkeep
|turn|2
|
|t:|1683782672
|switch|p1a: Jellicent|Jellicent, L84, F|305/305
|move|p2a: Mantine|Hurricane|p1a: Jellicent|[miss]
|-miss|p2a: Mantine|p1a: Jellicent
|
|upkeep
|turn|3
|
|t:|1683782680
|move|p2a: Mantine|Toxic|p1a: Jellicent
|-status|p1a: Jellicent|tox
|move|p1a: Jellicent|Shadow Ball|p2a: Mantine
|-crit|p2a: Mantine
|-damage|p2a: Mantine|205/286
|
|-damage|p1a: Jellicent|286/305 tox|[from] psn
|upkeep
|turn|4
|
|t:|1683782693
|switch|p1a: Greedent|Greedent, L84, M|339/339
|move|p2a: Mantine|Hurricane|p1a: Greedent
|-damage|p1a: Greedent|224/339
|
|upkeep
|turn|5
|
|t:|1683782702
|switch|p1a: Espeon|Espeon, L82, F|241/241
|move|p2a: Mantine|Toxic|p1a: Espeon
|move|p1a: Espeon|Toxic|p2a: Mantine|[from]ability: Magic Bounce|[miss]
|-miss|p1a: Espeon|p2a: Mantine
|
|upkeep
|turn|6
|c|☆Lime Samurai|nice play
|c|☆badboyabc123|almost worked and thanks
|
|t:|1683782727
|switch|p1a: Jellicent|Jellicent, L84, F|286/305 tox
|move|p2a: Mantine|Hurricane|p1a: Jellicent
|-damage|p1a: Jellicent|196/305 tox
|
|-heal|p1a: Jellicent|215/305 tox|[from] item: Leftovers
|-damage|p1a: Jellicent|196/305 tox|[from] psn
|upkeep
|turn|7
|
|t:|1683782735
|move|p2a: Mantine|Hurricane|p1a: Jellicent|[miss]
|-miss|p2a: Mantine|p1a: Jellicent
|move|p1a: Jellicent|Shadow Ball|p2a: Mantine
|-damage|p2a: Mantine|156/286
|
|-heal|p1a: Jellicent|215/305 tox|[from] item: Leftovers
|-damage|p1a: Jellicent|177/305 tox|[from] psn
|upkeep
|turn|8
|c|☆badboyabc123|bad luck
|
|t:|1683782746
|move|p2a: Mantine|Hurricane|p1a: Jellicent|[miss]
|-miss|p2a: Mantine|p1a: Jellicent
|move|p1a: Jellicent|Shadow Ball|p2a: Mantine
|-damage|p2a: Mantine|104/286
|
|-heal|p1a: Jellicent|196/305 tox|[from] item: Leftovers
|-damage|p1a: Jellicent|139/305 tox|[from] psn
|upkeep
|turn|9
|c|☆Lime Samurai|I didn't even know magic bounce could miss
|c|☆Lime Samurai|guess you learn something new everyday
|
|t:|1683782769
|move|p2a: Mantine|Hurricane|p1a: Jellicent
|-damage|p1a: Jellicent|48/305 tox
|move|p1a: Jellicent|Recover|p1a: Jellicent
|-heal|p1a: Jellicent|201/305 tox
|
|-heal|p1a: Jellicent|220/305 tox|[from] item: Leftovers
|-damage|p1a: Jellicent|144/305 tox|[from] psn
|upkeep
|turn|10
|c|☆badboyabc123|I didnt either
|
|t:|1683782779
|switch|p1a: Dugtrio|Dugtrio-Alola, L82, M|12/192
|move|p2a: Mantine|Roost|p2a: Mantine
|-heal|p2a: Mantine|247/286
|-singleturn|p2a: Mantine|move: Roost
|
|upkeep
|turn|11
|
|t:|1683782786
|switch|p2a: Zygarde|Zygarde, L70|267/267
|-damage|p2a: Zygarde|251/267|[from] Stealth Rock
|move|p1a: Dugtrio|Sucker Punch||[still]
|-fail|p1a: Dugtrio
|
|-heal|p2a: Zygarde|267/267|[from] item: Leftovers
|upkeep
|turn|12
|
|t:|1683782796
|move|p1a: Dugtrio|Earthquake|p2a: Zygarde
|-damage|p2a: Zygarde|165/267
|move|p2a: Zygarde|Substitute|p2a: Zygarde
|-start|p2a: Zygarde|Substitute
|-damage|p2a: Zygarde|99/267
|
|-heal|p2a: Zygarde|115/267|[from] item: Leftovers
|-activate|p2a: Zygarde|ability: Power Construct
|detailschange|p2a: Zygarde|Zygarde-Complete, L70
|-heal|p2a: Zygarde|266/418|[silent]
|upkeep
|turn|13
|c|☆badboyabc123|oh lol I thought I was playing gen 9
|
|t:|1683782823
|move|p1a: Dugtrio|Earthquake|p2a: Zygarde
|-end|p2a: Zygarde|Substitute
|move|p2a: Zygarde|Dragon Dance|p2a: Zygarde
|-boost|p2a: Zygarde|atk|1
|-boost|p2a: Zygarde|spe|1
|
|-heal|p2a: Zygarde|292/418|[from] item: Leftovers
|upkeep
|turn|14
|
|t:|1683782831
|move|p2a: Zygarde|Thousand Arrows|p1a: Dugtrio
|-supereffective|p1a: Dugtrio
|-crit|p1a: Dugtrio
|-damage|p1a: Dugtrio|0 fnt
|faint|p1a: Dugtrio
|
|-heal|p2a: Zygarde|318/418|[from] item: Leftovers
|upkeep
|
|t:|1683782839
|switch|p1a: Espeon|Espeon, L82, F|241/241
|turn|15
|c|☆Lime Samurai|:)
|
|t:|1683782846
|move|p2a: Zygarde|Substitute|p2a: Zygarde
|-start|p2a: Zygarde|Substitute
|-damage|p2a: Zygarde|214/418
|move|p1a: Espeon|Dazzling Gleam|p2a: Zygarde
|-supereffective|p2a: Zygarde
|-end|p2a: Zygarde|Substitute
|-damage|p1a: Espeon|217/241|[from] item: Life Orb
|
|-heal|p2a: Zygarde|240/418|[from] item: Leftovers
|upkeep
|turn|16
|
|t:|1683782855
|move|p2a: Zygarde|Substitute|p2a: Zygarde
|-start|p2a: Zygarde|Substitute
|-damage|p2a: Zygarde|136/418
|move|p1a: Espeon|Dazzling Gleam|p2a: Zygarde
|-supereffective|p2a: Zygarde
|-end|p2a: Zygarde|Substitute
|-damage|p1a: Espeon|193/241|[from] item: Life Orb
|
|-heal|p2a: Zygarde|162/418|[from] item: Leftovers
|upkeep
|turn|17
|
|t:|1683782864
|move|p2a: Zygarde|Outrage|p1a: Espeon
|-damage|p1a: Espeon|12/241
|move|p1a: Espeon|Dazzling Gleam|p2a: Zygarde
|-supereffective|p2a: Zygarde
|-damage|p2a: Zygarde|0 fnt
|faint|p2a: Zygarde
|-damage|p1a: Espeon|0 fnt|[from] item: Life Orb
|faint|p1a: Espeon
|
|upkeep
|c|☆Lime Samurai|It lived that? Jesus
|
|t:|1683782884
|switch|p1a: Calyrex|Calyrex-Shadow, L65|238/238
|switch|p2a: Pikachu|Pikachu, L92, M|214/214
|-ability|p1a: Calyrex|As One
|-ability|p1a: Calyrex|Unnerve
|-damage|p2a: Pikachu|188/214|[from] Stealth Rock
|turn|18
|
|t:|1683782895
|-start|p2a: Pikachu|Dynamax|
|-heal|p2a: Pikachu|376/428|[silent]
|move|p1a: Calyrex|Nasty Plot|p1a: Calyrex
|-boost|p1a: Calyrex|spa|2
|move|p2a: Pikachu|Max Lightning|p1a: Calyrex
|-damage|p1a: Calyrex|30/238
|-fieldstart|move: Electric Terrain
|
|-heal|p1a: Calyrex|44/238|[from] item: Leftovers
|upkeep
|turn|19
|
|t:|1683782912
|move|p1a: Calyrex|Astral Barrage|p2a: Pikachu
|-damage|p2a: Pikachu|52/428
|move|p2a: Pikachu|Max Steelspike|p1a: Calyrex
|-damage|p1a: Calyrex|0 fnt
|-boost|p2a: Pikachu|def|1
|faint|p1a: Calyrex
|
|upkeep
|
|t:|1683782929
|switch|p1a: Jellicent|Jellicent, L84, F|144/305 tox
|turn|20
|
|t:|1683782933
|move|p2a: Pikachu|Max Lightning|p1a: Jellicent
|-supereffective|p1a: Jellicent
|-damage|p1a: Jellicent|0 fnt
|faint|p1a: Jellicent
|
|upkeep
|
|t:|1683782938
|switch|p1a: Garchomp|Garchomp, L74, M|282/282
|-end|p2a: Pikachu|Dynamax
|-heal|p2a: Pikachu|26/214|[silent]
|turn|21
|
|t:|1683782951
|move|p2a: Pikachu|Iron Tail|p1a: Garchomp
|-damage|p1a: Garchomp|155/282
|-unboost|p1a: Garchomp|def|1
|-damage|p2a: Pikachu|0 fnt|[from] ability: Rough Skin|[of] p1a: Garchomp
|faint|p2a: Pikachu
|move|p1a: Garchomp|Earthquake|p2: Pikachu|[notarget]
|-fail|p1a: Garchomp
|
|upkeep
|
|t:|1683782963
|switch|p2a: Drifblim|Drifblim, L84, M|389/389
|-damage|p2a: Drifblim|292/389|[from] Stealth Rock
|turn|22
|
|t:|1683782974
|switch|p1a: Greedent|Greedent, L84, M|224/339
|move|p2a: Drifblim|Shadow Ball|p1a: Greedent
|-immune|p1a: Greedent
|
|-fieldend|move: Electric Terrain
|upkeep
|turn|23
|
|t:|1683782984
|move|p2a: Drifblim|Calm Mind|p2a: Drifblim
|-boost|p2a: Drifblim|spa|1
|-boost|p2a: Drifblim|spd|1
|move|p1a: Greedent|Fire Fang|p2a: Drifblim
|-damage|p2a: Drifblim|220/389
|
|upkeep
|turn|24
|
|t:|1683782990
|move|p2a: Drifblim|Strength Sap|p1a: Greedent
|-unboost|p1a: Greedent|atk|1
|-heal|p2a: Drifblim|389/389
|move|p1a: Greedent|Swords Dance|p1a: Greedent
|-boost|p1a: Greedent|atk|2
|
|upkeep
|turn|25
|
|t:|1683782997
|move|p2a: Drifblim|Calm Mind|p2a: Drifblim
|-boost|p2a: Drifblim|spa|1
|-boost|p2a: Drifblim|spd|1
|move|p1a: Greedent|Swords Dance|p1a: Greedent
|-boost|p1a: Greedent|atk|2
|
|upkeep
|turn|26
|
|t:|1683783004
|move|p2a: Drifblim|Thunderbolt|p1a: Greedent
|-damage|p1a: Greedent|95/339
|-enditem|p1a: Greedent|Sitrus Berry|[eat]
|-heal|p1a: Greedent|179/339|[from] item: Sitrus Berry
|-heal|p1a: Greedent|292/339|[from] ability: Cheek Pouch
|move|p1a: Greedent|Fire Fang|p2a: Drifblim
|-damage|p2a: Drifblim|196/389
|
|upkeep
|turn|27
|
|t:|1683783015
|move|p2a: Drifblim|Strength Sap|p1a: Greedent
|-unboost|p1a: Greedent|atk|1
|-heal|p2a: Drifblim|389/389
|move|p1a: Greedent|Swords Dance|p1a: Greedent
|-boost|p1a: Greedent|atk|2
|
|upkeep
|turn|28
|
|t:|1683783022
|move|p2a: Drifblim|Thunderbolt|p1a: Greedent
|-damage|p1a: Greedent|157/339
|move|p1a: Greedent|Fire Fang|p2a: Drifblim
|-damage|p2a: Drifblim|165/389
|-enditem|p2a: Drifblim|Sitrus Berry|[eat]
|-heal|p2a: Drifblim|262/389|[from] item: Sitrus Berry
|
|upkeep
|turn|29
|
|t:|1683783032
|-start|p1a: Greedent|Dynamax|
|-heal|p1a: Greedent|314/678|[silent]
|move|p2a: Drifblim|Thunderbolt|p1a: Greedent
|-damage|p1a: Greedent|187/678
|-status|p1a: Greedent|par
|move|p1a: Greedent|Max Flare|p2a: Drifblim
|-damage|p2a: Drifblim|0 fnt
|-weather|SunnyDay
|faint|p2a: Drifblim
|
|-weather|SunnyDay|[upkeep]
|upkeep
|
|t:|1683783051
|switch|p2a: Slowking|Slowking-Galar, L84, F|297/297
|-damage|p2a: Slowking|260/297|[from] Stealth Rock
|turn|30
|
|t:|1683783058
|move|p2a: Slowking|Sludge Bomb|p1a: Greedent
|-damage|p1a: Greedent|22/678 par
|move|p1a: Greedent|Max Quake|p2a: Slowking
|-supereffective|p2a: Slowking
|-damage|p2a: Slowking|0 fnt
|-boost|p1a: Greedent|spd|1
|faint|p2a: Slowking
|
|-weather|SunnyDay|[upkeep]
|upkeep
|
|t:|1683783070
|switch|p2a: Mantine|Mantine, L86, M|247/286
|turn|31
|
|t:|1683783074
|cant|p1a: Greedent|par
|move|p2a: Mantine|Scald|p1a: Greedent
|-damage|p1a: Greedent|0 fnt
|faint|p1a: Greedent
|
|-weather|SunnyDay|[upkeep]
|upkeep
|
|t:|1683783078
|switch|p1a: Garchomp|Garchomp, L74, M|155/282
|turn|32
|
|t:|1683783089
|move|p1a: Garchomp|Stone Edge|p2a: Mantine
|-supereffective|p2a: Mantine
|-damage|p2a: Mantine|99/286
|move|p2a: Mantine|Toxic|p1a: Garchomp
|-status|p1a: Garchomp|tox
|-enditem|p1a: Garchomp|Lum Berry|[eat]
|-curestatus|p1a: Garchomp|tox|[msg]
|
|-weather|SunnyDay|[upkeep]
|upkeep
|turn|33
|
|t:|1683783097
|move|p1a: Garchomp|Stone Edge|p2a: Mantine
|-supereffective|p2a: Mantine
|-damage|p2a: Mantine|0 fnt
|faint|p2a: Mantine
|
|-weather|none
|upkeep
|
|t:|1683783102
|switch|p2a: Hatterene|Hatterene, L86, F|238/238
|-damage|p2a: Hatterene|209/238|[from] Stealth Rock
|turn|34
|
|t:|1683783107
|move|p1a: Garchomp|Earthquake|p2a: Hatterene
|-damage|p2a: Hatterene|106/238
|move|p2a: Hatterene|Dazzling Gleam|p1a: Garchomp
|-supereffective|p1a: Garchomp
|-damage|p1a: Garchomp|0 fnt
|faint|p1a: Garchomp
|
|win|Lime Samurai
|raw|badboyabc123's rating: 1410 &rarr; <strong>1385</strong><br />(-25 for losing)
|raw|Lime Samurai's rating: 1323 &rarr; <strong>1348</strong><br />(+25 for winning)
|c|☆Lime Samurai|ggwp
|c|☆badboyabc123|damn gg
