{"id": "gen8randombattle-1873334067", "p1": "bodi 69", "p2": "Skyrack", "format": "[Gen 8] Random Battle", "log": "|j|\u2606bodi 69\n|j|\u2606Skyrack\n|t:|1685364752\n|gametype|singles\n|player|p1|bodi 69|leon|\n|player|p2|Skyrack|ethan|\n|teamsize|p1|6\n|teamsize|p2|6\n|gen|8\n|tier|[Gen 8] Random Battle\n|rule|Species Clause: Limit one of each Pok\u00e9mon\n|rule|HP Percentage Mod: HP is shown in percentages\n|rule|Sleep Clause Mod: Limit one foe put to sleep\n|\n|t:|1685364752\n|start\n|switch|p1a: Tyrantrum|Tyrantrum, L82, M|269/269\n|switch|p2a: Reuniclus|Reuniclus, L84, F|322/322\n|turn|1\n|inactive|Battle timer is ON: inactive players will automatically lose when time's up. (requested by bodi 69)\n|inactive|Skyrack also wants the timer to be on.\n|c|\u2606bodi 69|gl hf\n|j| Trefleuh\n|c| Trefleuh|glhf\n|j|%Clementine\n|c|\u2606bodi 69|ty ty\n|inactive|bodi 69 has 270 seconds left.\n|j| 35Q71N\n|\n|t:|1685364794\n|switch|p1a: Pyukumuku|Pyukumuku, L84, M|230/230\n|move|p2a: Reuniclus|Focus Blast|p1a: Pyukumuku\n|-damage|p1a: Pyukumuku|130/230\n|\n|-heal|p1a: Pyukumuku|144/230|[from] item: Leftovers\n|upkeep\n|turn|2\n|\n|t:|1685364808\n|move|p2a: Reuniclus|Calm Mind|p2a: Reuniclus\n|-boost|p2a: Reuniclus|spa|1\n|-boost|p2a: Reuniclus|spd|1\n|move|p1a: Pyukumuku|Recover|p1a: Pyukumuku\n|-heal|p1a: Pyukumuku|230/230\n|\n|upkeep\n|turn|3\n|j|+Chains of Markov\n|\n|t:|1685364818\n|move|p2a: Reuniclus|Calm Mind|p2a: Reuniclus\n|-boost|p2a: Reuniclus|spa|1\n|-boost|p2a: Reuniclus|spd|1\n|move|p1a: Pyukumuku|Mirror Coat||[still]\n|-fail|p1a: Pyukumuku\n|\n|upkeep\n|turn|4\n|j| Lrogue \u2740\n|\n|t:|1685364827\n|move|p2a: Reuniclus|Calm Mind|p2a: Reuniclus\n|-boost|p2a: Reuniclus|spa|1\n|-boost|p2a: Reuniclus|spd|1\n|move|p1a: Pyukumuku|Mirror Coat||[still]\n|-fail|p1a: Pyukumuku\n|\n|upkeep\n|turn|5\n|c| Lrogue \u2740|Well\n|\n|t:|1685364842\n|switch|p2a: Salazzle|Salazzle, L82, F|246/246\n|move|p1a: Pyukumuku|Mirror Coat||[still]\n|-fail|p1a: Pyukumuku\n|\n|upkeep\n|turn|6\n|c|\u2606Skyrack|it's been too long since I last saw a Pyukumuku\n|c|\u2606Skyrack|lol\n|c|\u2606Skyrack|took me too long to remember Unaware\n|inactive|bodi 69 has 270 seconds left.\n|\n|t:|1685364873\n|move|p2a: Salazzle|Toxic|p1a: Pyukumuku\n|-status|p1a: Pyukumuku|tox\n|move|p1a: Pyukumuku|Mirror Coat||[still]\n|-fail|p1a: Pyukumuku\n|\n|-damage|p1a: Pyukumuku|216/230 tox|[from] psn\n|upkeep\n|turn|7\n|j| JJ09LIE\n|\n|t:|1685364879\n|switch|p1a: Poliwrath|Poliwrath, L84, M|288/288\n|move|p2a: Salazzle|Substitute|p2a: Salazzle\n|-start|p2a: Salazzle|Substitute\n|-damage|p2a: Salazzle|185/246\n|\n|-heal|p2a: Salazzle|200/246|[from] item: Black Sludge\n|upkeep\n|turn|8\n|\n|t:|1685364885\n|move|p2a: Salazzle|Toxic|p1a: Poliwrath\n|-status|p1a: Poliwrath|tox\n|move|p1a: Poliwrath|Rain Dance|p1a: Poliwrath\n|-weather|RainDance\n|\n|-weather|RainDance|[upkeep]\n|-heal|p2a: Salazzle|215/246|[from] item: Black Sludge\n|-damage|p1a: Poliwrath|270/288 tox|[from] psn\n|upkeep\n|turn|9\n|\n|t:|1685364892\n|move|p2a: Salazzle|Protect|p2a: Salazzle\n|-singleturn|p2a: Salazzle|Protect\n|move|p1a: Poliwrath|Liquidation|p2a: Salazzle\n|-activate|p2a: Salazzle|move: Protect\n|\n|-weather|RainDance|[upkeep]\n|-heal|p2a: Salazzle|230/246|[from] item: Black Sludge\n|-damage|p1a: Poliwrath|234/288 tox|[from] psn\n|upkeep\n|turn|10\n|\n|t:|1685364897\n|move|p1a: Poliwrath|Liquidation|p2a: Salazzle\n|-supereffective|p2a: Salazzle\n|-end|p2a: Salazzle|Substitute\n|-damage|p1a: Poliwrath|206/288 tox|[from] item: Life Orb\n|move|p2a: Salazzle|Flamethrower|p1a: Poliwrath\n|-resisted|p1a: Poliwrath\n|-damage|p1a: Poliwrath|182/288 tox\n|\n|-weather|RainDance|[upkeep]\n|-heal|p2a: Salazzle|245/246|[from] item: Black Sludge\n|-damage|p1a: Poliwrath|128/288 tox|[from] psn\n|upkeep\n|turn|11\n|\n|t:|1685364905\n|move|p2a: Salazzle|Protect|p2a: Salazzle\n|-singleturn|p2a: Salazzle|Protect\n|move|p1a: Poliwrath|Liquidation|p2a: Salazzle\n|-activate|p2a: Salazzle|move: Protect\n|\n|-weather|RainDance|[upkeep]\n|-heal|p2a: Salazzle|246/246|[from] item: Black Sludge\n|-damage|p1a: Poliwrath|56/288 tox|[from] psn\n|upkeep\n|turn|12\n|l|%Clementine\n|\n|t:|1685364926\n|switch|p2a: Virizion|Virizion, L82|283/283\n|move|p1a: Poliwrath|Liquidation|p2a: Virizion\n|-resisted|p2a: Virizion\n|-damage|p2a: Virizion|176/283\n|-damage|p1a: Poliwrath|28/288 tox|[from] item: Life Orb\n|\n|-weather|none\n|-damage|p1a: Poliwrath|0 fnt|[from] psn\n|faint|p1a: Poliwrath\n|upkeep\n|\n|t:|1685364938\n|switch|p1a: Celesteela|Celesteela, L77|276/276\n|turn|13\n|j| Wubben\n|\n|t:|1685364962\n|switch|p2a: Ninetales|Ninetales, L82, M|254/254\n|-weather|SunnyDay|[from] ability: Drought|[of] p2a: Ninetales\n|move|p1a: Celesteela|Air Slash|p2a: Ninetales\n|-damage|p2a: Ninetales|191/254\n|\n|-weather|SunnyDay|[upkeep]\n|upkeep\n|turn|14\n|\n|t:|1685364982\n|move|p2a: Ninetales|Fire Blast|p1a: Celesteela|[miss]\n|-miss|p2a: Ninetales|p1a: Celesteela\n|move|p1a: Celesteela|Leech Seed|p2a: Ninetales\n|-start|p2a: Ninetales|move: Leech Seed\n|\n|-weather|SunnyDay|[upkeep]\n|-damage|p2a: Ninetales|160/254|[from] Leech Seed|[of] p1a: Celesteela\n|upkeep\n|turn|15\n|\n|t:|1685364989\n|move|p1a: Celesteela|Protect|p1a: Celesteela\n|-singleturn|p1a: Celesteela|Protect\n|move|p2a: Ninetales|Fire Blast|p1a: Celesteela\n|-activate|p1a: Celesteela|move: Protect\n|\n|-weather|SunnyDay|[upkeep]\n|-damage|p2a: Ninetales|129/254|[from] Leech Seed|[of] p1a: Celesteela\n|upkeep\n|turn|16\n|\n|t:|1685365003\n|switch|p2a: Virizion|Virizion, L82|176/283\n|move|p1a: Celesteela|Air Slash|p2a: Virizion|[miss]\n|-miss|p1a: Celesteela|p2a: Virizion\n|\n|-weather|SunnyDay|[upkeep]\n|upkeep\n|turn|17\n|c|\u2606Skyrack|OOF\n|c|\u2606bodi 69|no way\n|j| IsaidIsayRightFoot\n|c| 35Q71N|Welp\n|l| IsaidIsayRightFoot\n|\n|t:|1685365017\n|switch|p2a: Reuniclus|Reuniclus, L84, F|322/322\n|move|p1a: Celesteela|Air Slash|p2a: Reuniclus\n|-damage|p2a: Reuniclus|244/322\n|\n|-weather|none\n|upkeep\n|turn|18\n|\n|t:|1685365030\n|switch|p1a: Diggersby|Diggersby, L80, F|267/267\n|move|p2a: Reuniclus|Psychic|p1a: Diggersby\n|-damage|p1a: Diggersby|106/267\n|\n|upkeep\n|turn|19\n|c|\u2606bodi 69|rigged\n|\n|t:|1685365040\n|switch|p2a: Virizion|Virizion, L82|176/283\n|move|p1a: Diggersby|Knock Off|p2a: Virizion\n|-resisted|p2a: Virizion\n|-damage|p2a: Virizion|107/283\n|-ability|p2a: Virizion|Justified|boost\n|-boost|p2a: Virizion|atk|1\n|-enditem|p2a: Virizion|Lum Berry|[from] move: Knock Off|[of] p1a: Diggersby\n|-damage|p1a: Diggersby|80/267|[from] item: Life Orb\n|\n|upkeep\n|turn|20\n|\n|t:|1685365046\n|switch|p1a: Celesteela|Celesteela, L77|276/276\n|move|p2a: Virizion|Leaf Blade|p1a: Celesteela\n|-resisted|p1a: Celesteela\n|-damage|p1a: Celesteela|247/276\n|\n|-heal|p1a: Celesteela|264/276|[from] item: Leftovers\n|upkeep\n|turn|21\n|\n|t:|1685365049\n|move|p2a: Virizion|Close Combat|p1a: Celesteela\n|-damage|p1a: Celesteela|111/276\n|-unboost|p2a: Virizion|def|1\n|-unboost|p2a: Virizion|spd|1\n|move|p1a: Celesteela|Air Slash|p2a: Virizion\n|-supereffective|p2a: Virizion\n|-damage|p2a: Virizion|0 fnt\n|faint|p2a: Virizion\n|-ability|p1a: Celesteela|Beast Boost|boost\n|-boost|p1a: Celesteela|spa|1\n|\n|-heal|p1a: Celesteela|128/276|[from] item: Leftovers\n|upkeep\n|\n|t:|1685365056\n|switch|p2a: Salazzle|Salazzle, L82, F|246/246\n|turn|22\n|\n|t:|1685365062\n|move|p2a: Salazzle|Flamethrower|p1a: Celesteela\n|-supereffective|p1a: Celesteela\n|-damage|p1a: Celesteela|0 fnt\n|faint|p1a: Celesteela\n|\n|upkeep\n|\n|t:|1685365065\n|switch|p1a: Diggersby|Diggersby, L80, F|80/267\n|turn|23\n|j| Volsur\n|\n|t:|1685365070\n|move|p2a: Salazzle|Flamethrower|p1a: Diggersby\n|-damage|p1a: Diggersby|0 fnt\n|faint|p1a: Diggersby\n|\n|upkeep\n|\n|t:|1685365072\n|switch|p1a: Dunsparce|Dunsparce, L90, F|326/326\n|turn|24\n|c| Volsur|loser pays\n|\n|t:|1685365081\n|switch|p2a: Vespiquen|Vespiquen, L96, F|290/290\n|-ability|p2a: Vespiquen|Pressure\n|move|p1a: Dunsparce|Earthquake|p2a: Vespiquen\n|-immune|p2a: Vespiquen\n|\n|upkeep\n|turn|25\n|\n|t:|1685365084\n|move|p1a: Dunsparce|Roost||[still]\n|-fail|p1a: Dunsparce|heal\n|move|p2a: Vespiquen|Toxic|p1a: Dunsparce\n|-status|p1a: Dunsparce|tox\n|\n|-damage|p1a: Dunsparce|306/326 tox|[from] psn\n|upkeep\n|turn|26\n|\n|t:|1685365091\n|move|p1a: Dunsparce|Coil|p1a: Dunsparce\n|-boost|p1a: Dunsparce|atk|1\n|-boost|p1a: Dunsparce|def|1\n|-boost|p1a: Dunsparce|accuracy|1\n|move|p2a: Vespiquen|Air Slash|p1a: Dunsparce\n|-damage|p1a: Dunsparce|206/326 tox\n|\n|-heal|p1a: Dunsparce|226/326 tox|[from] item: Leftovers\n|-damage|p1a: Dunsparce|186/326 tox|[from] psn\n|upkeep\n|turn|27\n|c|\u2606bodi 69|miss click\n|c| Volsur|???\n|c| Volsur|yeah sure\n|\n|t:|1685365097\n|move|p1a: Dunsparce|Body Slam|p2a: Vespiquen\n|-damage|p2a: Vespiquen|185/290\n|move|p2a: Vespiquen|Air Slash|p1a: Dunsparce\n|-damage|p1a: Dunsparce|86/326 tox\n|\n|-heal|p1a: Dunsparce|106/326 tox|[from] item: Leftovers\n|-damage|p1a: Dunsparce|46/326 tox|[from] psn\n|upkeep\n|turn|28\n|c|\u2606bodi 69|the roost\n|\n|t:|1685365105\n|move|p1a: Dunsparce|Body Slam|p2a: Vespiquen\n|-damage|p2a: Vespiquen|94/290\n|-status|p2a: Vespiquen|par\n|move|p2a: Vespiquen|Roost|p2a: Vespiquen\n|-heal|p2a: Vespiquen|239/290 par\n|-singleturn|p2a: Vespiquen|move: Roost\n|\n|-heal|p1a: Dunsparce|66/326 tox|[from] item: Leftovers\n|-damage|p1a: Dunsparce|0 fnt|[from] psn\n|faint|p1a: Dunsparce\n|upkeep\n|\n|t:|1685365110\n|switch|p1a: Tyrantrum|Tyrantrum, L82, M|269/269\n|turn|29\n|\n|t:|1685365116\n|move|p1a: Tyrantrum|Dragon Dance|p1a: Tyrantrum\n|-boost|p1a: Tyrantrum|atk|1\n|-boost|p1a: Tyrantrum|spe|1\n|move|p2a: Vespiquen|Toxic|p1a: Tyrantrum\n|-status|p1a: Tyrantrum|tox\n|\n|-damage|p1a: Tyrantrum|253/269 tox|[from] psn\n|upkeep\n|turn|30\n|c| Volsur|he ded\n|c| Volsur|oh?\n|\n|t:|1685365129\n|-start|p1a: Tyrantrum|Dynamax|\n|-heal|p1a: Tyrantrum|506/538 tox|[silent]\n|move|p1a: Tyrantrum|Max Rockfall|p2a: Vespiquen\n|-supereffective|p2a: Vespiquen\n|-damage|p2a: Vespiquen|0 fnt\n|-weather|Sandstorm\n|faint|p2a: Vespiquen\n|-damage|p1a: Tyrantrum|480/538 tox|[from] item: Life Orb\n|\n|-weather|Sandstorm|[upkeep]\n|-damage|p1a: Tyrantrum|448/538 tox|[from] psn\n|upkeep\n|\n|t:|1685365134\n|switch|p2a: Urshifu|Urshifu, L76, M|277/277\n|turn|31\n|\n|t:|1685365141\n|-start|p2a: Urshifu|Dynamax|Gmax\n|-heal|p2a: Urshifu|554/554|[silent]\n|move|p2a: Urshifu|Max Guard|p2a: Urshifu\n|-singleturn|p2a: Urshifu|Max Guard\n|move|p1a: Tyrantrum|Max Wyrmwind|p2a: Urshifu\n|-activate|p2a: Urshifu|move: Max Guard\n|\n|-weather|Sandstorm|[upkeep]\n|-damage|p2a: Urshifu|537/554|[from] Sandstorm\n|-heal|p2a: Urshifu|554/554|[from] item: Leftovers\n|-damage|p1a: Tyrantrum|400/538 tox|[from] psn\n|upkeep\n|turn|32\n|\n|t:|1685365157\n|move|p1a: Tyrantrum|Max Wyrmwind|p2a: Urshifu\n|-damage|p2a: Urshifu|256/554\n|-unboost|p2a: Urshifu|atk|1\n|-damage|p1a: Tyrantrum|374/538 tox|[from] item: Life Orb\n|move|p2a: Urshifu|Max Knuckle|p1a: Tyrantrum\n|-supereffective|p1a: Tyrantrum\n|-damage|p1a: Tyrantrum|258/538 tox\n|-boost|p2a: Urshifu|atk|1\n|\n|-weather|Sandstorm|[upkeep]\n|-damage|p2a: Urshifu|239/554|[from] Sandstorm\n|-heal|p2a: Urshifu|256/554|[from] item: Leftovers\n|-damage|p1a: Tyrantrum|194/538 tox|[from] psn\n|upkeep\n|-end|p1a: Tyrantrum|Dynamax\n|-heal|p1a: Tyrantrum|97/269 tox|[silent]\n|turn|33\n|\n|t:|1685365165\n|move|p1a: Tyrantrum|Dragon Dance|p1a: Tyrantrum\n|-boost|p1a: Tyrantrum|atk|1\n|-boost|p1a: Tyrantrum|spe|1\n|move|p2a: Urshifu|Max Knuckle|p1a: Tyrantrum\n|-supereffective|p1a: Tyrantrum\n|-damage|p1a: Tyrantrum|0 fnt\n|-boost|p2a: Urshifu|atk|1\n|faint|p1a: Tyrantrum\n|\n|-weather|Sandstorm|[upkeep]\n|-damage|p2a: Urshifu|239/554|[from] Sandstorm\n|-heal|p2a: Urshifu|256/554|[from] item: Leftovers\n|upkeep\n|c|\u2606bodi 69|gg\n|c|\u2606Skyrack|gg\n|-message|bodi 69 forfeited.\n|\n|win|Skyrack\n|l| JJ09LIE\n|l| Volsur\n|l|\u2606Skyrack\n|j| Volsur\n|l|\u2606bodi 69\n|l| Volsur\n|l| Lrogue \u2740\n|l|+Chains of Markov\n|j| JJ09LIE\n|l| JJ09LIE\n|j| Teres bahji\n|j|\u2606bodi 69\n|player|p1|bodi 69|leon\n", "inputlog": ">version 6fec31d5a0d4498a06105aa188c9906bc0b6bf95\n>start {\"formatid\":\"gen8randombattle\",\"seed\":[2804,3227,65086,318]}\n>player p1 {\"name\":\"bodi 69\",\"avatar\":\"leon\",\"rating\":0,\"seed\":[53698,57834,52142,63063]}\n>player p2 {\"name\":\"Skyrack\",\"avatar\":\"ethan\",\"rating\":0,\"seed\":[11787,34853,11931,63158]}\n>chat \u2606bodi 69|gl hf\n>chat  Trefleuh|glhf\n>chat \u2606bodi 69|ty ty\n>p1 switch 3\n>p2 move focusblast\n>p1 move recover\n>p2 move calmmind\n>p1 move mirrorcoat\n>p2 move calmmind\n>p1 move mirrorcoat\n>p2 move calmmind\n>chat  Lrogue \u2740|Well\n>p1 move mirrorcoat\n>p2 switch 4\n>chat \u2606Skyrack|it's been too long since I last saw a Pyukumuku\n>chat \u2606Skyrack|lol\n>chat \u2606Skyrack|took me too long to remember Unaware\n>p1 move mirrorcoat\n>p2 move toxic\n>p1 switch 2\n>p2 move substitute\n>p1 move raindance\n>p2 move toxic\n>p1 move liquidation\n>p2 move protect\n>p1 move liquidation\n>p2 move flamethrower\n>p1 move liquidation\n>p2 move protect\n>p1 move liquidation\n>p2 switch 6\n>p1 switch 6\n>p1 move airslash\n>p2 switch 2\n>p1 move leechseed\n>p2 move fireblast\n>p1 move protect\n>p2 move fireblast\n>p1 move airslash\n>p2 switch 2\n>chat \u2606Skyrack|OOF\n>chat \u2606bodi 69|no way\n>chat  35Q71N|Welp\n>p1 move airslash\n>p2 switch 4\n>p1 switch 4\n>p2 move psychic\n>chat \u2606bodi 69|rigged\n>p1 move knockoff\n>p2 switch 4\n>p1 switch 4\n>p2 move leafblade\n>p1 move airslash\n>p2 move closecombat\n>p2 switch 6\n>p1 move airslash\n>p2 move flamethrower\n>p1 switch 4\n>p1 move earthquake\n>p2 move flamethrower\n>p1 switch 5\n>chat  Volsur|loser pays\n>p1 move earthquake\n>p2 switch 3\n>p1 move roost\n>p2 move toxic\n>p1 move coil\n>p2 move airslash\n>chat \u2606bodi 69|miss click\n>chat  Volsur|???\n>chat  Volsur|yeah sure\n>p1 move bodyslam\n>p2 move airslash\n>chat \u2606bodi 69|the roost\n>p1 move bodyslam\n>p2 move roost\n>p1 switch 3\n>p1 move dragondance\n>p2 move toxic\n>chat  Volsur|he ded\n>chat  Volsur|oh?\n>p1 move headsmash dynamax\n>p2 move airslash\n>p2 switch 5\n>p1 move outrage dynamax\n>p2 move substitute dynamax\n>p1 move outrage dynamax\n>p2 move drainpunch dynamax\n>p1 move dragondance\n>p2 move drainpunch dynamax\n>chat \u2606bodi 69|gg \n>chat \u2606Skyrack|gg\n>forcelose p1", "uploadtime": 1685365180, "views": 9, "p1id": "bodi69", "p2id": "skyrack", "formatid": "gen8randombattle", "rating": 0, "private": 0, "password": ""}