|j|☆juandalepringle420
|j|☆12reek
|t:|1685108757
|gametype|singles
|player|p1|juandalepringle420|1|1081
|player|p2|12reek|102|1000
|teamsize|p1|6
|teamsize|p2|6
|gen|8
|tier|[Gen 8] Random Battle
|rated|
|rule|Species Clause: Limit one of each Pokémon
|rule|HP Percentage Mod: HP is shown in percentages
|rule|Sleep Clause Mod: Limit one foe put to sleep
|
|t:|1685108757
|start
|switch|p1a: Entei|Entei, L78|307/307
|switch|p2a: Porygon-Z|Porygon-Z, L80|267/267
|-ability|p2a: Porygon-Z|Download|boost
|-boost|p2a: Porygon-Z|spa|1
|turn|1
|j| MinatoUzxmaki
|
|t:|1685108775
|switch|p1a: Conkeldurr|Conkeldurr, L80, M|299/299
|move|p2a: Porygon-Z|Nasty Plot|p2a: Porygon-Z
|-boost|p2a: Porygon-Z|spa|2
|
|-status|p1a: Conkeldurr|brn|[from] item: Flame Orb
|upkeep
|turn|2
|inactive|Battle timer is ON: inactive players will automatically lose when time's up. (requested by juandalepringle420)
|c| MinatoUzxmaki|WIN
|c|☆juandalepringle420|...
|c| MinatoUzxmaki|NIGERIAN
|
|t:|1685108799
|-start|p2a: Porygon-Z|Dynamax|
|-heal|p2a: Porygon-Z|534/534|[silent]
|move|p2a: Porygon-Z|Max Lightning|p1a: Conkeldurr
|-damage|p1a: Conkeldurr|0 fnt
|-fieldstart|move: Electric Terrain
|faint|p1a: Conkeldurr
|-damage|p2a: Porygon-Z|508/534|[from] item: Life Orb
|
|upkeep
|c| MinatoUzxmaki|NIGER
|
|t:|1685108807
|switch|p1a: Doublade|Doublade, L82, F|231/231
|turn|3
|c| MinatoUzxmaki|gg
|
|t:|1685108825
|-start|p1a: Doublade|Dynamax|
|-heal|p1a: Doublade|462/462|[silent]
|move|p2a: Porygon-Z|Max Lightning|p1a: Doublade
|-damage|p1a: Doublade|0 fnt
|faint|p1a: Doublade
|-damage|p2a: Porygon-Z|482/534|[from] item: Life Orb
|
|upkeep
|c| MinatoUzxmaki|his team is about to get swiped
|inactive|juandalepringle420 has 120 seconds left.
|
|t:|1685108868
|switch|p1a: Snorlax|Snorlax, L82, M|397/397
|turn|4
|
|t:|1685108874
|move|p2a: Porygon-Z|Max Lightning|p1a: Snorlax
|-damage|p1a: Snorlax|17/397
|-damage|p2a: Porygon-Z|456/534|[from] item: Life Orb
|move|p1a: Snorlax|Earthquake|p2a: Porygon-Z
|-damage|p2a: Porygon-Z|315/534
|
|upkeep
|-end|p2a: Porygon-Z|Dynamax
|-heal|p2a: Porygon-Z|158/267|[silent]
|turn|5
|
|t:|1685108888
|move|p2a: Porygon-Z|Tri Attack|p1a: Snorlax
|-damage|p1a: Snorlax|0 fnt
|faint|p1a: Snorlax
|-damage|p2a: Porygon-Z|132/267|[from] item: Life Orb
|
|upkeep
|
|t:|1685108903
|switch|p1a: Comfey|Comfey, L86, F|228/228
|turn|6
|
|t:|1685108910
|move|p1a: Comfey|Giga Drain|p2a: Porygon-Z
|-damage|p2a: Porygon-Z|49/267
|move|p2a: Porygon-Z|Tri Attack|p1a: Comfey
|-damage|p1a: Comfey|0 fnt
|faint|p1a: Comfey
|-damage|p2a: Porygon-Z|23/267|[from] item: Life Orb
|
|-fieldend|move: Electric Terrain
|upkeep
|
|t:|1685108914
|switch|p1a: Entei|Entei, L78|307/307
|turn|7
|inactive|juandalepringle420 has 120 seconds left.
|
|t:|1685108938
|move|p1a: Entei|Sacred Fire|p2a: Porygon-Z
|-damage|p2a: Porygon-Z|0 fnt
|faint|p2a: Porygon-Z
|
|upkeep
|
|t:|1685108948
|switch|p2a: Omastar|Omastar, L82, F|249/249
|turn|8
|inactive|juandalepringle420 has 120 seconds left.
|
|t:|1685108963
|switch|p1a: Pincurchin|Pincurchin, L88, F|228/228
|-fieldstart|move: Electric Terrain|[from] ability: Electric Surge|[of] p1a: Pincurchin
|move|p2a: Omastar|Earth Power|p1a: Pincurchin
|-supereffective|p1a: Pincurchin
|-enditem|p1a: Pincurchin|Shuca Berry|[eat]
|-enditem|p1a: Pincurchin|Shuca Berry|[weaken]
|-damage|p1a: Pincurchin|161/228
|
|upkeep
|turn|9
|inactive|juandalepringle420 has 120 seconds left.
|
|t:|1685108975
|move|p2a: Omastar|Shell Smash|p2a: Omastar
|-unboost|p2a: Omastar|def|1
|-unboost|p2a: Omastar|spd|1
|-boost|p2a: Omastar|atk|2
|-boost|p2a: Omastar|spa|2
|-boost|p2a: Omastar|spe|2
|-enditem|p2a: Omastar|White Herb
|-clearnegativeboost|p2a: Omastar|[silent]
|move|p1a: Pincurchin|Rising Voltage|p2a: Omastar
|-hint|Rising Voltage's BP doubled on grounded target.
|-supereffective|p2a: Omastar
|-damage|p2a: Omastar|0 fnt
|faint|p2a: Omastar
|
|upkeep
|
|t:|1685108990
|switch|p2a: Doublade|Doublade, L82, F|231/231
|turn|10
|
|t:|1685109002
|move|p2a: Doublade|Iron Head|p1a: Pincurchin
|-resisted|p1a: Pincurchin
|-damage|p1a: Pincurchin|119/228
|move|p1a: Pincurchin|Rising Voltage|p2a: Doublade
|-hint|Rising Voltage's BP doubled on grounded target.
|-damage|p2a: Doublade|20/231
|
|upkeep
|turn|11
|
|t:|1685109012
|move|p2a: Doublade|Close Combat|p1a: Pincurchin
|-damage|p1a: Pincurchin|39/228
|-unboost|p2a: Doublade|def|1
|-unboost|p2a: Doublade|spd|1
|move|p1a: Pincurchin|Rising Voltage|p2a: Doublade
|-hint|Rising Voltage's BP doubled on grounded target.
|-damage|p2a: Doublade|0 fnt
|faint|p2a: Doublade
|
|upkeep
|
|t:|1685109024
|switch|p2a: Charizard|Charizard, L82, M|262/262
|turn|12
|
|t:|1685109033
|move|p2a: Charizard|Earthquake|p1a: Pincurchin
|-supereffective|p1a: Pincurchin
|-damage|p1a: Pincurchin|0 fnt
|faint|p1a: Pincurchin
|
|-fieldend|move: Electric Terrain
|upkeep
|
|t:|1685109041
|switch|p1a: Entei|Entei, L78|307/307
|turn|13
|
|t:|1685109048
|move|p2a: Charizard|Earthquake|p1a: Entei
|-supereffective|p1a: Entei
|-damage|p1a: Entei|173/307
|move|p1a: Entei|Stone Edge|p2a: Charizard
|-supereffective|p2a: Charizard
|-damage|p2a: Charizard|0 fnt
|faint|p2a: Charizard
|
|upkeep
|
|t:|1685109058
|switch|p2a: Volcarona|Volcarona, L76, M|254/254
|turn|14
|
|t:|1685109068
|move|p1a: Entei|Stone Edge|p2a: Volcarona
|-supereffective|p2a: Volcarona
|-damage|p2a: Volcarona|0 fnt
|faint|p2a: Volcarona
|
|upkeep
|
|t:|1685109076
|switch|p2a: Oranguru|Oranguru, L86, F|295/295
|turn|15
|
|t:|1685109086
|move|p1a: Entei|Stone Edge|p2a: Oranguru
|-damage|p2a: Oranguru|175/295
|move|p2a: Oranguru|Nasty Plot|p2a: Oranguru
|-boost|p2a: Oranguru|spa|2
|
|-heal|p2a: Oranguru|193/295|[from] item: Leftovers
|upkeep
|turn|16
|
|t:|1685109095
|move|p1a: Entei|Stone Edge|p2a: Oranguru
|-damage|p2a: Oranguru|77/295
|move|p2a: Oranguru|Thunderbolt|p1a: Entei
|-damage|p1a: Entei|22/307
|
|-heal|p2a: Oranguru|95/295|[from] item: Leftovers
|upkeep
|turn|17
|
|t:|1685109109
|move|p1a: Entei|Stone Edge|p2a: Oranguru
|-damage|p2a: Oranguru|0 fnt
|faint|p2a: Oranguru
|
|win|juandalepringle420
|raw|juandalepringle420's rating: 1081 &rarr; <strong>1102</strong><br />(+21 for winning)
|raw|12reek's rating: 1000 &rarr; <strong>1000</strong><br />(+0 for losing)
|c| MinatoUzxmaki|YOUR ASS
|c| MinatoUzxmaki|HOW
|c| MinatoUzxmaki|YOU FUCKING SUCK
|c|&|/log MinatoUzxmaki was locked from talking by Artemis. (☆MinatoUzxmaki: YOU FUCKING SUCK)
|c|&|/raw <small>This action was done automatically. Want to learn more about the AI? <a href="https://www.smogon.com/forums/threads/3570628/#post-9056769">Visit the information thread</a>.</small>
|c|☆juandalepringle420|LMAO
|l|☆12reek
|c|☆juandalepringle420|BRO YOU SWIPED MY TEAM WITH PORYGON AND STILL LOST
