|j|☆manuel572
|j|☆cupcake26
|t:|1685420671
|gametype|singles
|player|p1|manuel572|red|1357
|player|p2|cupcake26|maylene|1560
|teamsize|p1|6
|teamsize|p2|6
|gen|8
|tier|[Gen 8] Random Battle
|rated|
|rule|Species Clause: Limit one of each Pokémon
|rule|HP Percentage Mod: HP is shown in percentages
|rule|Sleep Clause Mod: Limit one foe put to sleep
|
|t:|1685420671
|start
|switch|p1a: Kyurem|Kyurem, L80|331/331
|switch|p2a: Grapploct|Grapploct, L86, M|278/278
|-ability|p1a: Kyurem|Pressure
|turn|1
|
|t:|1685420679
|switch|p1a: Gothitelle|Gothitelle, L86, F|261/261
|move|p2a: Grapploct|Drain Punch|p1a: Gothitelle
|-resisted|p1a: Gothitelle
|-damage|p1a: Gothitelle|206/261
|-damage|p2a: Grapploct|251/278|[from] item: Life Orb
|
|-heal|p1a: Gothitelle|222/261|[from] item: Leftovers
|upkeep
|turn|2
|
|t:|1685420683
|move|p1a: Gothitelle|Psychic|p2a: Grapploct
|-supereffective|p2a: Grapploct
|-damage|p2a: Grapploct|35/278
|move|p2a: Grapploct|Brutal Swing|p1a: Gothitelle
|-supereffective|p1a: Gothitelle
|-damage|p1a: Gothitelle|40/261
|-damage|p2a: Grapploct|8/278|[from] item: Life Orb
|
|-heal|p1a: Gothitelle|56/261|[from] item: Leftovers
|upkeep
|turn|3
|
|t:|1685420686
|move|p1a: Gothitelle|Psychic|p2a: Grapploct
|-supereffective|p2a: Grapploct
|-damage|p2a: Grapploct|0 fnt
|faint|p2a: Grapploct
|
|-heal|p1a: Gothitelle|72/261|[from] item: Leftovers
|upkeep
|
|t:|1685420688
|switch|p2a: Crawdaunt|Crawdaunt, L84, F|243/243
|turn|4
|
|t:|1685420692
|move|p1a: Gothitelle|Thunderbolt|p2a: Crawdaunt
|-supereffective|p2a: Crawdaunt
|-damage|p2a: Crawdaunt|57/243
|move|p2a: Crawdaunt|Dragon Dance|p2a: Crawdaunt
|-boost|p2a: Crawdaunt|atk|1
|-boost|p2a: Crawdaunt|spe|1
|
|-heal|p1a: Gothitelle|88/261|[from] item: Leftovers
|upkeep
|turn|5
|
|t:|1685420697
|move|p2a: Crawdaunt|Knock Off|p1a: Gothitelle
|-supereffective|p1a: Gothitelle
|-damage|p1a: Gothitelle|0 fnt
|-enditem|p1a: Gothitelle|Leftovers|[from] move: Knock Off|[of] p2a: Crawdaunt
|faint|p1a: Gothitelle
|-damage|p2a: Crawdaunt|33/243|[from] item: Life Orb
|
|upkeep
|
|t:|1685420699
|switch|p1a: Cryogonal|Cryogonal, L86|278/278
|turn|6
|
|t:|1685420724
|move|p2a: Crawdaunt|Aqua Jet|p1a: Cryogonal
|-damage|p1a: Cryogonal|78/278
|-damage|p2a: Crawdaunt|9/243|[from] item: Life Orb
|move|p1a: Cryogonal|Freeze-Dry|p2a: Crawdaunt
|-supereffective|p2a: Crawdaunt
|-damage|p2a: Crawdaunt|0 fnt
|faint|p2a: Crawdaunt
|
|upkeep
|
|t:|1685420728
|switch|p2a: Regieleki|Regieleki, L78|253/253
|turn|7
|
|t:|1685420734
|move|p2a: Regieleki|Volt Switch|p1a: Cryogonal
|-damage|p1a: Cryogonal|0 fnt
|faint|p1a: Cryogonal
|
|t:|1685420741
|switch|p2a: Frosmoth|Frosmoth, L82, M|249/249|[from] Volt Switch
|
|upkeep
|
|t:|1685420755
|switch|p1a: Ho-Oh|Ho-Oh, L72|272/272
|turn|8
|
|t:|1685420770
|switch|p2a: Starmie|Starmie, L84|238/238
|move|p1a: Ho-Oh|Sacred Fire|p2a: Starmie
|-resisted|p2a: Starmie
|-damage|p2a: Starmie|187/238
|-status|p2a: Starmie|brn
|
|-damage|p2a: Starmie|173/238 brn|[from] brn
|upkeep
|turn|9
|
|t:|1685420795
|switch|p1a: Kyurem|Kyurem, L80|331/331
|-ability|p1a: Kyurem|Pressure
|move|p2a: Starmie|Recover|p2a: Starmie
|-heal|p2a: Starmie|238/238 brn
|
|-damage|p2a: Starmie|224/238 brn|[from] brn
|upkeep
|turn|10
|
|t:|1685420800
|switch|p2a: Frosmoth|Frosmoth, L82, M|249/249
|move|p1a: Kyurem|Freeze-Dry|p2a: Frosmoth
|-resisted|p2a: Frosmoth
|-damage|p2a: Frosmoth|228/249
|
|upkeep
|turn|11
|
|t:|1685420813
|switch|p1a: Ho-Oh|Ho-Oh, L72|272/272
|move|p2a: Frosmoth|Hurricane|p1a: Ho-Oh
|-damage|p1a: Ho-Oh|200/272
|
|upkeep
|turn|12
|
|t:|1685420821
|switch|p2a: Starmie|Starmie, L84|224/238 brn
|move|p1a: Ho-Oh|Brave Bird|p2a: Starmie
|-damage|p2a: Starmie|94/238 brn
|-damage|p1a: Ho-Oh|157/272|[from] Recoil
|
|-damage|p2a: Starmie|80/238 brn|[from] brn
|upkeep
|turn|13
|
|t:|1685420854
|switch|p1a: Kyurem|Kyurem, L80|331/331
|-ability|p1a: Kyurem|Pressure
|move|p2a: Starmie|Hydro Pump|p1a: Kyurem
|-resisted|p1a: Kyurem
|-damage|p1a: Kyurem|234/331
|-damage|p2a: Starmie|57/238 brn|[from] item: Life Orb
|
|-damage|p2a: Starmie|43/238 brn|[from] brn
|upkeep
|turn|14
|
|t:|1685420858
|move|p2a: Starmie|Recover|p2a: Starmie
|-heal|p2a: Starmie|162/238 brn
|move|p1a: Kyurem|Draco Meteor|p2a: Starmie
|-damage|p2a: Starmie|0 fnt
|-unboost|p1a: Kyurem|spa|2
|faint|p2a: Starmie
|
|upkeep
|
|t:|1685420866
|switch|p2a: Frosmoth|Frosmoth, L82, M|228/249
|turn|15
|
|t:|1685420872
|switch|p1a: Ho-Oh|Ho-Oh, L72|247/272
|move|p2a: Frosmoth|Quiver Dance|p2a: Frosmoth
|-boost|p2a: Frosmoth|spa|1
|-boost|p2a: Frosmoth|spd|1
|-boost|p2a: Frosmoth|spe|1
|
|upkeep
|turn|16
|
|t:|1685420876
|-start|p1a: Ho-Oh|Dynamax|
|-heal|p1a: Ho-Oh|494/544|[silent]
|move|p2a: Frosmoth|Hurricane|p1a: Ho-Oh
|-damage|p1a: Ho-Oh|396/544
|-start|p1a: Ho-Oh|confusion
|-activate|p1a: Ho-Oh|confusion
|move|p1a: Ho-Oh|Max Flare|p2a: Frosmoth
|-supereffective|p2a: Frosmoth
|-damage|p2a: Frosmoth|0 fnt
|-weather|SunnyDay
|faint|p2a: Frosmoth
|
|-weather|SunnyDay|[upkeep]
|upkeep
|
|t:|1685420878
|switch|p2a: Rhydon|Rhydon, L87, M|324/324
|turn|17
|
|t:|1685420891
|-start|p2a: Rhydon|Dynamax|
|-heal|p2a: Rhydon|648/648|[silent]
|-activate|p1a: Ho-Oh|confusion
|move|p1a: Ho-Oh|Max Flare|p2a: Rhydon
|-resisted|p2a: Rhydon
|-damage|p2a: Rhydon|597/648
|move|p2a: Rhydon|Max Rockfall|p1a: Ho-Oh
|-supereffective|p1a: Ho-Oh
|-damage|p1a: Ho-Oh|0 fnt
|-weather|Sandstorm
|faint|p1a: Ho-Oh
|
|-weather|Sandstorm|[upkeep]
|upkeep
|
|t:|1685420896
|switch|p1a: Passimian|Passimian, L82, F|298/298
|turn|18
|
|t:|1685420901
|move|p1a: Passimian|Close Combat|p2a: Rhydon
|-supereffective|p2a: Rhydon
|-damage|p2a: Rhydon|387/648
|-unboost|p1a: Passimian|def|1
|-unboost|p1a: Passimian|spd|1
|move|p2a: Rhydon|Max Quake|p1a: Passimian
|-damage|p1a: Passimian|34/298
|-boost|p2a: Rhydon|spd|1
|
|-weather|Sandstorm|[upkeep]
|-damage|p1a: Passimian|16/298|[from] Sandstorm
|upkeep
|turn|19
|
|t:|1685420913
|move|p2a: Rhydon|Max Guard|p2a: Rhydon
|-singleturn|p2a: Rhydon|Max Guard
|move|p1a: Passimian|Close Combat|p2a: Rhydon
|-activate|p2a: Rhydon|move: Max Guard
|
|-weather|Sandstorm|[upkeep]
|-damage|p1a: Passimian|0 fnt|[from] Sandstorm
|faint|p1a: Passimian
|upkeep
|
|t:|1685420918
|switch|p1a: Kyurem|Kyurem, L80|234/331
|-ability|p1a: Kyurem|Pressure
|-end|p2a: Rhydon|Dynamax
|-heal|p2a: Rhydon|194/324|[silent]
|turn|20
|
|t:|1685420921
|move|p1a: Kyurem|Draco Meteor|p2a: Rhydon
|-damage|p2a: Rhydon|121/324
|-unboost|p1a: Kyurem|spa|2
|move|p2a: Rhydon|Stone Edge|p1a: Kyurem
|-supereffective|p1a: Kyurem
|-damage|p1a: Kyurem|0 fnt
|faint|p1a: Kyurem
|
|-weather|Sandstorm|[upkeep]
|upkeep
|
|t:|1685420932
|switch|p1a: Terrakion|Terrakion, L78|270/270
|turn|21
|
|t:|1685420936
|move|p1a: Terrakion|Close Combat|p2a: Rhydon
|-supereffective|p2a: Rhydon
|-damage|p2a: Rhydon|0 fnt
|-unboost|p1a: Terrakion|def|1
|-unboost|p1a: Terrakion|spd|1
|faint|p2a: Rhydon
|-damage|p1a: Terrakion|243/270|[from] item: Life Orb
|
|-weather|none
|upkeep
|
|t:|1685420938
|switch|p2a: Regieleki|Regieleki, L78|253/253
|turn|22
|
|t:|1685420941
|move|p2a: Regieleki|Thunderbolt|p1a: Terrakion
|-damage|p1a: Terrakion|0 fnt
|faint|p1a: Terrakion
|
|win|cupcake26
|raw|manuel572's rating: 1357 &rarr; <strong>1348</strong><br />(-9 for losing)
|raw|cupcake26's rating: 1560 &rarr; <strong>1569</strong><br />(+9 for winning)
|l|☆manuel572
