{"id": "gen8randombattle-1301147592", "p1": "Guoyanan", "p2": "ezws", "format": "[Gen 8] Random Battle", "log": "|j|\u2606Guoyanan\n|j|\u2606ezws\n|t:|1615718851\n|player|p1|Guoyanan|sage|2440\n|player|p2|ezws|youngster-gen4|2445\n|teamsize|p1|6\n|teamsize|p2|6\n|gametype|singles\n|gen|8\n|tier|[Gen 8] Random Battle\n|rated|\n|rule|Species Clause: Limit one of each Pok\u00e9mon\n|rule|HP Percentage Mod: HP is shown in percentages\n|rule|Sleep Clause Mod: Limit one foe put to sleep\n|\n|t:|1615718851\n|start\n|switch|p1a: Rhyperior|Rhyperior, L82, M|323/323\n|switch|p2a: Magnezone|Magnezone, L84|255/255\n|turn|1\n|j| Installation07\n|inactive|Battle timer is ON: inactive players will automatically lose when time's up. (requested by Guoyanan)\n|\n|t:|1615718902\n|switch|p2a: Golisopod|Golisopod, L84, M|263/263\n|move|p1a: Rhyperior|Earthquake|p2a: Golisopod\n|-resisted|p2a: Golisopod\n|-crit|p2a: Golisopod\n|-damage|p2a: Golisopod|198/263\n|\n|upkeep\n|turn|2\n|\n|t:|1615718929\n|move|p2a: Golisopod|Liquidation|p1a: Rhyperior\n|-supereffective|p1a: Rhyperior\n|-damage|p1a: Rhyperior|0 fnt\n|faint|p1a: Rhyperior\n|\n|upkeep\n|\n|t:|1615718937\n|switch|p1a: Ho-Oh|Ho-Oh, L72|272/272\n|turn|3\n|\n|t:|1615718946\n|switch|p2a: Magnezone|Magnezone, L84|255/255\n|move|p1a: Ho-Oh|Brave Bird|p2a: Magnezone\n|-resisted|p2a: Magnezone\n|-damage|p2a: Magnezone|233/255\n|-damage|p1a: Ho-Oh|265/272|[from] Recoil\n|\n|upkeep\n|turn|4\n|\n|t:|1615718951\n|switch|p2a: Politoed|Politoed, L86, M|295/295\n|-weather|RainDance|[from] ability: Drizzle|[of] p2a: Politoed\n|move|p1a: Ho-Oh|Sacred Fire|p2a: Politoed\n|-resisted|p2a: Politoed\n|-damage|p2a: Politoed|269/295\n|\n|-weather|RainDance|[upkeep]\n|-heal|p2a: Politoed|287/295|[from] item: Leftovers\n|upkeep\n|turn|5\n|\n|t:|1615718978\n|move|p1a: Ho-Oh|Toxic|p2a: Politoed\n|-status|p2a: Politoed|tox\n|move|p2a: Politoed|Toxic|p1a: Ho-Oh\n|-status|p1a: Ho-Oh|tox\n|\n|-weather|RainDance|[upkeep]\n|-heal|p2a: Politoed|295/295 tox|[from] item: Leftovers\n|-damage|p1a: Ho-Oh|248/272 tox|[from] psn\n|-damage|p2a: Politoed|277/295 tox|[from] psn\n|upkeep\n|turn|6\n|\n|t:|1615718982\n|switch|p1a: Sharpedo|Sharpedo, L82, M|249/249\n|move|p2a: Politoed|Scald|p1a: Sharpedo\n|-resisted|p1a: Sharpedo\n|-damage|p1a: Sharpedo|145/249\n|\n|-weather|RainDance|[upkeep]\n|-heal|p2a: Politoed|295/295 tox|[from] item: Leftovers\n|-damage|p2a: Politoed|259/295 tox|[from] psn\n|upkeep\n|turn|7\n|\n|t:|1615718991\n|move|p1a: Sharpedo|Crunch|p2a: Politoed\n|-damage|p2a: Politoed|126/295 tox\n|-damage|p1a: Sharpedo|121/249|[from] item: Life Orb\n|move|p2a: Politoed|Scald|p1a: Sharpedo\n|-resisted|p1a: Sharpedo\n|-damage|p1a: Sharpedo|7/249\n|\n|-weather|RainDance|[upkeep]\n|-heal|p2a: Politoed|144/295 tox|[from] item: Leftovers\n|-damage|p2a: Politoed|90/295 tox|[from] psn\n|-ability|p1a: Sharpedo|Speed Boost|boost\n|-boost|p1a: Sharpedo|spe|1\n|upkeep\n|turn|8\n|\n|t:|1615719002\n|switch|p2a: Golisopod|Golisopod, L84, M|198/263\n|move|p1a: Sharpedo|Protect||[still]\n|-fail|p1a: Sharpedo\n|\n|-weather|none\n|-ability|p1a: Sharpedo|Speed Boost|boost\n|-boost|p1a: Sharpedo|spe|1\n|upkeep\n|turn|9\n|\n|t:|1615719029\n|move|p2a: Golisopod|Aqua Jet|p1a: Sharpedo\n|-resisted|p1a: Sharpedo\n|-damage|p1a: Sharpedo|0 fnt\n|faint|p1a: Sharpedo\n|\n|upkeep\n|\n|t:|1615719032\n|switch|p1a: Marshadow|Marshadow, L70|242/242\n|turn|10\n|inactive|ezws has 120 seconds left.\n|\n|t:|1615719054\n|move|p2a: Golisopod|Aqua Jet|p1a: Marshadow\n|-damage|p1a: Marshadow|136/242\n|move|p1a: Marshadow|Bulk Up|p1a: Marshadow\n|-boost|p1a: Marshadow|atk|1\n|-boost|p1a: Marshadow|def|1\n|\n|upkeep\n|turn|11\n|\n|t:|1615719059\n|move|p2a: Golisopod|Aqua Jet|p1a: Marshadow\n|-damage|p1a: Marshadow|64/242\n|move|p1a: Marshadow|Spectral Thief|p2a: Golisopod\n|-damage|p2a: Golisopod|80/263\n|-activate|p2a: Golisopod|ability: Emergency Exit\n|-damage|p1a: Marshadow|40/242|[from] item: Life Orb\n|inactive|ezws has 120 seconds left.\n|\n|t:|1615719076\n|switch|p2a: Magnezone|Magnezone, L84|233/255\n|\n|upkeep\n|turn|12\n|\n|t:|1615719082\n|move|p2a: Magnezone|Volt Switch|p1a: Marshadow\n|-damage|p1a: Marshadow|0 fnt\n|faint|p1a: Marshadow\n|\n|t:|1615719084\n|switch|p2a: Politoed|Politoed, L86, M|90/295 tox\n|-weather|RainDance|[from] ability: Drizzle|[of] p2a: Politoed\n|\n|-weather|RainDance|[upkeep]\n|-heal|p2a: Politoed|108/295 tox|[from] item: Leftovers\n|-damage|p2a: Politoed|90/295 tox|[from] psn\n|upkeep\n|\n|t:|1615719091\n|switch|p1a: Ho-Oh|Ho-Oh, L72|272/272 tox\n|turn|13\n|\n|t:|1615719098\n|switch|p2a: Magnezone|Magnezone, L84|233/255\n|move|p1a: Ho-Oh|Brave Bird|p2a: Magnezone\n|-resisted|p2a: Magnezone\n|-damage|p2a: Magnezone|210/255\n|-damage|p1a: Ho-Oh|264/272 tox|[from] Recoil\n|\n|-weather|RainDance|[upkeep]\n|-damage|p1a: Ho-Oh|247/272 tox|[from] psn\n|upkeep\n|turn|14\n|\n|t:|1615719103\n|move|p2a: Magnezone|Volt Switch|p1a: Ho-Oh\n|-supereffective|p1a: Ho-Oh\n|-damage|p1a: Ho-Oh|113/272 tox\n|\n|t:|1615719118\n|switch|p2a: Dragapult|Dragapult, L78, F|265/265\n|move|p1a: Ho-Oh|Sacred Fire|p2a: Dragapult\n|-resisted|p2a: Dragapult\n|-damage|p2a: Dragapult|238/265\n|-status|p2a: Dragapult|brn\n|\n|-weather|RainDance|[upkeep]\n|-damage|p2a: Dragapult|222/265 brn|[from] brn\n|-damage|p1a: Ho-Oh|79/272 tox|[from] psn\n|upkeep\n|turn|15\n|\n|t:|1615719125\n|move|p2a: Dragapult|Shadow Ball|p1a: Ho-Oh\n|-damage|p1a: Ho-Oh|0 fnt\n|faint|p1a: Ho-Oh\n|\n|-weather|RainDance|[upkeep]\n|-damage|p2a: Dragapult|206/265 brn|[from] brn\n|upkeep\n|\n|t:|1615719131\n|switch|p1a: Machamp|Machamp, L82, F|282/282\n|turn|16\n|\n|t:|1615719139\n|move|p2a: Dragapult|Shadow Ball|p1a: Machamp\n|-damage|p1a: Machamp|159/282\n|move|p1a: Machamp|Knock Off|p2a: Dragapult\n|-supereffective|p2a: Dragapult\n|-damage|p2a: Dragapult|14/265 brn\n|-enditem|p2a: Dragapult|Choice Specs|[from] move: Knock Off|[of] p1a: Machamp\n|\n|-weather|none\n|-damage|p2a: Dragapult|0 fnt|[from] brn\n|faint|p2a: Dragapult\n|-status|p1a: Machamp|brn|[from] item: Flame Orb\n|upkeep\n|\n|t:|1615719150\n|switch|p2a: Mewtwo|Mewtwo, L72|272/272\n|-ability|p2a: Mewtwo|Unnerve|p1: Guoyanan\n|turn|17\n|\n|t:|1615719153\n|switch|p1a: Jirachi|Jirachi, L80|291/291\n|move|p2a: Mewtwo|Psystrike|p1a: Jirachi\n|-resisted|p1a: Jirachi\n|-damage|p1a: Jirachi|264/291\n|\n|-heal|p1a: Jirachi|282/291|[from] item: Leftovers\n|upkeep\n|turn|18\n|\n|t:|1615719159\n|move|p2a: Mewtwo|Nasty Plot|p2a: Mewtwo\n|-boost|p2a: Mewtwo|spa|2\n|move|p1a: Jirachi|U-turn|p2a: Mewtwo\n|-supereffective|p2a: Mewtwo\n|-damage|p2a: Mewtwo|166/272\n|\n|t:|1615719163\n|switch|p1a: Machamp|Machamp, L82, F|159/282 brn\n|\n|-heal|p2a: Mewtwo|183/272|[from] item: Leftovers\n|-damage|p1a: Machamp|142/282 brn|[from] brn\n|upkeep\n|turn|19\n|-message|Guoyanan forfeited.\n|\n|win|ezws\n|raw|Guoyanan's rating: 2440 &rarr; <strong>2424</strong><br />(-16 for losing)\n|raw|ezws's rating: 2445 &rarr; <strong>2461</strong><br />(+16 for winning)\n|raw|Guoyanan's rating: 2440 &rarr; <strong>2421</strong><br />(-19 for losing)\n|raw|ezws's rating: 2446 &rarr; <strong>2466</strong><br />(+20 for winning)\n|l|\u2606Guoyanan\n|c|\u2606ezws|wut\n", "inputlog": ">version 3447c907443a2cfb4a058a19d2089be4ad76cbc4\n>start {\"formatid\":\"gen8randombattle\",\"seed\":[24761,52812,42868,51401],\"rated\":\"Rated battle\"}\n>player p1 {\"name\":\"Guoyanan\",\"avatar\":\"sage\",\"team\":\"\",\"rating\":2440,\"seed\":[33679,39748,32637,21579]}\n>player p2 {\"name\":\"ezws\",\"avatar\":\"youngster-gen4\",\"team\":\"\",\"rating\":2445,\"seed\":[17198,32164,40789,46201]}\n>p1 move earthquake\n>p2 switch 5\n>p1 move stoneedge\n>p2 move liquidation\n>p1 switch 4\n>p1 move bravebird\n>p2 switch 5\n>p1 move sacredfire\n>p2 switch 2\n>p1 move toxic\n>p2 move toxic\n>p1 switch 5\n>p2 move scald\n>p1 move crunch\n>p2 move scald\n>p1 move protect\n>p2 switch 5\n>p1 move crunch\n>p2 move aquajet\n>p1 switch 2\n>p1 move bulkup\n>p2 move aquajet\n>p1 move spectralthief\n>p2 move aquajet\n>p2 switch 2\n>p1 move spectralthief\n>p2 move voltswitch\n>p2 switch 5\n>p1 switch 5\n>p1 move bravebird\n>p2 switch 5\n>p1 move sacredfire\n>p2 move voltswitch\n>p2 switch 3\n>p1 move roost\n>p2 move shadowball\n>p1 switch 3\n>p1 move knockoff\n>p2 move shadowball\n>p2 switch 4\n>p1 switch 6\n>p2 move psystrike\n>p1 move uturn\n>p2 move nastyplot\n>p1 switch 6", "uploadtime": 1615719193, "views": 85, "p1id": "guoyanan", "p2id": "ezws", "formatid": "gen8randombattle", "rating": 2421, "private": 0, "password": null}