|j|‽SalamenceHeart
|j|☆Yusei1789
|t:|1668261610
|gametype|singles
|player|p1|SalamenceHeart|266|2437
|player|p2|Yusei1789|1|2416
|teamsize|p1|6
|teamsize|p2|6
|gen|8
|tier|[Gen 8] Random Battle
|rated|
|rule|Species Clause: Limit one of each Pokémon
|rule|HP Percentage Mod: HP is shown in percentages
|rule|Sleep Clause Mod: Limit one foe put to sleep
|
|t:|1668261610
|start
|switch|p1a: Volcarona|Volcarona, L76, F|254/254
|switch|p2a: Skuntank|Skuntank, L85, F|314/314
|turn|1
|inactive|Battle timer is ON: inactive players will automatically lose when time's up. (requested by Yusei1789)
|
|t:|1668261637
|move|p1a: Volcarona|Fire Blast|p2a: Skuntank
|-damage|p2a: Skuntank|148/314
|move|p2a: Skuntank|Poison Jab|p1a: Volcarona
|-damage|p1a: Volcarona|98/254
|-damage|p2a: Skuntank|117/314|[from] item: Life Orb
|
|upkeep
|turn|2
|j| xxdimixx
|inactive|SalamenceHeart has 120 seconds left.
|
|t:|1668261672
|switch|p2a: Toxapex|Toxapex, L82, M|216/216
|move|p1a: Volcarona|Bug Buzz|p2a: Toxapex
|-resisted|p2a: Toxapex
|-damage|p2a: Toxapex|177/216
|
|-heal|p2a: Toxapex|190/216|[from] item: Black Sludge
|upkeep
|turn|3
|inactive|SalamenceHeart has 120 seconds left.
|c| xxdimixx|I really think you should have kept that volcarona o_O
|
|t:|1668261688
|move|p1a: Volcarona|Fire Blast|p2a: Toxapex|[miss]
|-miss|p1a: Volcarona|p2a: Toxapex
|move|p2a: Toxapex|Toxic|p1a: Volcarona
|-status|p1a: Volcarona|tox
|
|-heal|p2a: Toxapex|203/216|[from] item: Black Sludge
|-damage|p1a: Volcarona|83/254 tox|[from] psn
|upkeep
|turn|4
|inactive|SalamenceHeart has 120 seconds left.
|c| xxdimixx|he sacked it
|
|t:|1668261697
|move|p1a: Volcarona|Fire Blast|p2a: Toxapex
|-resisted|p2a: Toxapex
|-damage|p2a: Toxapex|162/216
|move|p2a: Toxapex|Scald|p1a: Volcarona
|-supereffective|p1a: Volcarona
|-damage|p1a: Volcarona|0 fnt
|faint|p1a: Volcarona
|
|-heal|p2a: Toxapex|175/216|[from] item: Black Sludge
|upkeep
|inactive|SalamenceHeart has 120 seconds left.
|c| xxdimixx|long story short Yusei wins
|
|t:|1668261716
|switch|p1a: Obstagoon|Obstagoon, L80, F|280/280
|turn|5
|
|t:|1668261730
|move|p1a: Obstagoon|Bulk Up|p1a: Obstagoon
|-boost|p1a: Obstagoon|atk|1
|-boost|p1a: Obstagoon|def|1
|move|p2a: Toxapex|Scald|p1a: Obstagoon
|-damage|p1a: Obstagoon|216/280
|
|-heal|p2a: Toxapex|188/216|[from] item: Black Sludge
|-status|p1a: Obstagoon|brn|[from] item: Flame Orb
|upkeep
|turn|6
|inactive|SalamenceHeart has 120 seconds left.
|
|t:|1668261756
|move|p2a: Toxapex|Baneful Bunker|p2a: Toxapex
|-singleturn|p2a: Toxapex|move: Protect
|move|p1a: Obstagoon|Facade|p2a: Toxapex
|-activate|p2a: Toxapex|move: Protect
|
|-heal|p2a: Toxapex|201/216|[from] item: Black Sludge
|-damage|p1a: Obstagoon|199/280 brn|[from] brn
|upkeep
|turn|7
|
|t:|1668261771
|switch|p2a: Skuntank|Skuntank, L85, F|117/314
|move|p1a: Obstagoon|Facade|p2a: Skuntank
|-damage|p2a: Skuntank|0 fnt
|-damage|p1a: Obstagoon|129/280 brn|[from] ability: Aftermath|[of] p2a: Skuntank
|faint|p2a: Skuntank
|
|-damage|p1a: Obstagoon|112/280 brn|[from] brn
|upkeep
|
|t:|1668261785
|switch|p2a: Tangrowth|Tangrowth, L84, M|305/305
|turn|8
|c| xxdimixx|Smart Yuesei dominant Yusei
|
|t:|1668261799
|move|p1a: Obstagoon|Facade|p2a: Tangrowth
|-damage|p2a: Tangrowth|82/305
|-damage|p1a: Obstagoon|66/280 brn|[from] item: Rocky Helmet|[of] p2a: Tangrowth
|move|p2a: Tangrowth|Giga Drain|p1a: Obstagoon
|-damage|p1a: Obstagoon|0 fnt
|-heal|p2a: Tangrowth|115/305|[from] drain|[of] p1a: Obstagoon
|faint|p1a: Obstagoon
|
|upkeep
|
|t:|1668261809
|switch|p1a: Decidueye|Decidueye, L86, F|274/274
|turn|9
|
|t:|1668261818
|move|p1a: Decidueye|Swords Dance|p1a: Decidueye
|-boost|p1a: Decidueye|atk|2
|move|p2a: Tangrowth|Knock Off|p1a: Decidueye
|-supereffective|p1a: Decidueye
|-damage|p1a: Decidueye|118/274
|-enditem|p1a: Decidueye|Lum Berry|[from] move: Knock Off|[of] p2a: Tangrowth
|
|upkeep
|turn|10
|
|t:|1668261827
|move|p1a: Decidueye|Poltergeist|p2a: Tangrowth
|-activate|p2a: Tangrowth|move: Poltergeist|Rocky Helmet
|-damage|p2a: Tangrowth|0 fnt
|faint|p2a: Tangrowth
|
|upkeep
|
|t:|1668261834
|switch|p2a: Lucario|Lucario, L82, M|249/249
|turn|11
|
|t:|1668261840
|-start|p1a: Decidueye|Dynamax|
|-heal|p1a: Decidueye|236/548|[silent]
|move|p2a: Lucario|Meteor Mash|p1a: Decidueye
|-damage|p1a: Decidueye|102/548
|-damage|p2a: Lucario|225/249|[from] item: Life Orb
|move|p1a: Decidueye|Max Phantasm|p2a: Lucario
|-crit|p2a: Lucario
|-damage|p2a: Lucario|0 fnt
|faint|p2a: Lucario
|
|upkeep
|
|t:|1668261859
|switch|p2a: Toxapex|Toxapex, L82, M|216/216
|turn|12
|
|t:|1668261871
|move|p2a: Toxapex|Baneful Bunker|p2a: Toxapex
|-singleturn|p2a: Toxapex|move: Protect
|move|p1a: Decidueye|Max Overgrowth|p2a: Toxapex
|-zbroken|p2a: Toxapex
|-damage|p2a: Toxapex|145/216
|-fieldstart|move: Grassy Terrain
|
|-heal|p1a: Decidueye|119/548|[from] Grassy Terrain
|-heal|p2a: Toxapex|158/216|[from] Grassy Terrain
|-heal|p2a: Toxapex|171/216|[from] item: Black Sludge
|upkeep
|turn|13
|
|t:|1668261881
|move|p1a: Decidueye|Max Overgrowth|p2a: Toxapex
|-damage|p2a: Toxapex|0 fnt
|faint|p2a: Toxapex
|
|-heal|p1a: Decidueye|136/548|[from] Grassy Terrain
|upkeep
|
|t:|1668261883
|switch|p2a: Doublade|Doublade, L82, F|231/231
|-end|p1a: Decidueye|Dynamax
|-heal|p1a: Decidueye|68/274|[silent]
|turn|14
|
|t:|1668261895
|move|p2a: Doublade|Shadow Sneak|p1a: Decidueye
|-supereffective|p1a: Decidueye
|-damage|p1a: Decidueye|0 fnt
|faint|p1a: Decidueye
|
|upkeep
|
|t:|1668261899
|switch|p1a: Urshifu|Urshifu, L76, F|277/277
|turn|15
|
|t:|1668261920
|-start|p2a: Doublade|Dynamax|
|-heal|p2a: Doublade|462/462|[silent]
|move|p1a: Urshifu|Bulk Up|p1a: Urshifu
|-boost|p1a: Urshifu|atk|1
|-boost|p1a: Urshifu|def|1
|move|p2a: Doublade|Max Knuckle|p1a: Urshifu
|-supereffective|p1a: Urshifu
|-damage|p1a: Urshifu|183/277
|-boost|p2a: Doublade|atk|1
|
|-heal|p1a: Urshifu|200/277|[from] Grassy Terrain
|-heal|p1a: Urshifu|217/277|[from] item: Leftovers
|upkeep
|turn|16
|c| xxdimixx|we are in a pickle at the moment yusei
|c| xxdimixx|1more
|
|t:|1668261938
|move|p1a: Urshifu|Bulk Up|p1a: Urshifu
|-boost|p1a: Urshifu|atk|1
|-boost|p1a: Urshifu|def|1
|move|p2a: Doublade|Max Knuckle|p1a: Urshifu
|-supereffective|p1a: Urshifu
|-damage|p1a: Urshifu|105/277
|-boost|p2a: Doublade|atk|1
|
|-heal|p1a: Urshifu|122/277|[from] Grassy Terrain
|-heal|p1a: Urshifu|139/277|[from] item: Leftovers
|-fieldend|move: Grassy Terrain
|upkeep
|turn|17
|c| xxdimixx|yusei getting blasted
|inactive|SalamenceHeart has 120 seconds left.
|c| xxdimixx|im happy for how long he laster
|c| xxdimixx|lasted
|c| xxdimixx|in his game we trusted
|inactive|SalamenceHeart has 90 seconds left.
|inactive|SalamenceHeart has 60 seconds left.
|
|t:|1668262031
|move|p1a: Urshifu|Wicked Blow|p2a: Doublade
|-supereffective|p2a: Doublade
|-crit|p2a: Doublade
|-damage|p2a: Doublade|240/462
|move|p2a: Doublade|Max Knuckle|p1a: Urshifu
|-supereffective|p1a: Urshifu
|-damage|p1a: Urshifu|0 fnt
|-boost|p2a: Doublade|atk|1
|faint|p1a: Urshifu
|
|upkeep
|c| xxdimixx|but Salamance heart him crushed
|c| xxdimixx|not
|c| xxdimixx|comeback
|inactive|SalamenceHeart has 30 seconds left.
|inactive|SalamenceHeart has 20 seconds left.
|inactive|SalamenceHeart has 15 seconds left.
|
|t:|1668262080
|switch|p1a: Wishiwashi|Wishiwashi, L84, F|213/213
|-formechange|p1a: Wishiwashi|Wishiwashi-School||[from] ability: Schooling
|-end|p2a: Doublade|Dynamax
|-heal|p2a: Doublade|120/231|[silent]
|turn|18
|inactive|SalamenceHeart has 25 seconds left this turn.
|inactive|SalamenceHeart has 20 seconds left.
|c| xxdimixx|i take back everything i wrote im thought unjusted
|
|t:|1668262099
|switch|p2a: Gastrodon|Gastrodon-East, L84, F|324/324
|move|p1a: Wishiwashi|Scald|p2a: Gastrodon
|-ability|p2a: Gastrodon|Storm Drain|boost
|-boost|p2a: Gastrodon|spa|1
|
|upkeep
|turn|19
|inactive|SalamenceHeart has 30 seconds left this turn.
|-message|SalamenceHeart forfeited.
|
|win|Yusei1789
|inactive|SalamenceHeart has 30 seconds left this turn.
|raw|SalamenceHeart's rating: 2437 &rarr; <strong>2416</strong><br />(-21 for losing)
|raw|Yusei1789's rating: 2416 &rarr; <strong>2437</strong><br />(+21 for winning)
|l|‽SalamenceHeart
|c|☆Yusei1789|Haha
||Ladder isn't responding, score probably updated but might not have (Request timeout).
