|j|☆Elxsa
|j|☆Referrals
|t:|1651167116
|gametype|singles
|player|p1|Elxsa|elesa|2497
|player|p2|Referrals|1|2506
|teamsize|p1|6
|teamsize|p2|6
|gen|8
|tier|[Gen 8] Random Battle
|rated|
|rule|Species Clause: Limit one of each Pokémon
|rule|HP Percentage Mod: HP is shown in percentages
|rule|Sleep Clause Mod: Limit one foe put to sleep
|
|t:|1651167116
|start
|switch|p1a: Lunatone|Lunatone, L86|295/295
|switch|p2a: Ninetales|Ninetales-Alola, L79, F|245/245
|-weather|Hail|[from] ability: Snow Warning|[of] p2a: Ninetales
|turn|1
|j| WorshiperofCthulu
|j| Tired&Sleepy
|c|☆Elxsa|omg surprised to see you
|c|☆Referrals|oh wow
|c| WorshiperofCthulu|Referrals if you lose i will be very disappointed
|
|t:|1651167151
|switch|p2a: Rotom|Rotom-Mow, L86|226/226
|move|p1a: Lunatone|Nasty Plot|p1a: Lunatone
|-boost|p1a: Lunatone|spa|2
|
|-weather|Hail|[upkeep]
|-damage|p2a: Rotom|212/226|[from] Hail
|-damage|p1a: Lunatone|277/295|[from] Hail
|-heal|p2a: Rotom|226/226|[from] item: Leftovers
|upkeep
|turn|2
|
|t:|1651167181
|switch|p1a: Stoutland|Stoutland, L86, F|286/286
|-ability|p1a: Stoutland|Intimidate|boost
|-unboost|p2a: Rotom|atk|1
|move|p2a: Rotom|Leaf Storm|p1a: Stoutland
|-crit|p1a: Stoutland
|-damage|p1a: Stoutland|76/286
|-unboost|p2a: Rotom|spa|2
|
|-weather|Hail|[upkeep]
|-damage|p2a: Rotom|212/226|[from] Hail
|-damage|p1a: Stoutland|59/286|[from] Hail
|-heal|p2a: Rotom|226/226|[from] item: Leftovers
|upkeep
|turn|3
|
|t:|1651167198
|move|p2a: Rotom|Volt Switch|p1a: Stoutland
|-damage|p1a: Stoutland|16/286
|
|t:|1651167204
|switch|p2a: Marshadow|Marshadow, L70|242/242
|move|p1a: Stoutland|Superpower|p2a: Marshadow
|-immune|p2a: Marshadow
|
|-weather|Hail|[upkeep]
|-damage|p2a: Marshadow|227/242|[from] Hail
|-damage|p1a: Stoutland|0 fnt|[from] Hail
|faint|p1a: Stoutland
|upkeep
|
|t:|1651167211
|switch|p1a: Inteleon|Inteleon, L80, F|243/243
|turn|4
|
|t:|1651167258
|move|p1a: Inteleon|Hydro Pump|p2a: Marshadow
|-damage|p2a: Marshadow|0 fnt
|faint|p2a: Marshadow
|
|-weather|Hail|[upkeep]
|-damage|p1a: Inteleon|228/243|[from] Hail
|upkeep
|
|t:|1651167263
|switch|p2a: Zarude|Zarude-Dada, L78|292/292
|turn|5
|
|t:|1651167281
|-start|p1a: Inteleon|Dynamax|
|-heal|p1a: Inteleon|456/486|[silent]
|move|p1a: Inteleon|Max Airstream|p2a: Zarude
|-supereffective|p2a: Zarude
|-damage|p2a: Zarude|94/292
|-boost|p1a: Inteleon|spe|1
|move|p2a: Zarude|Power Whip|p1a: Inteleon
|-supereffective|p1a: Inteleon
|-damage|p1a: Inteleon|124/486
|
|-weather|none
|-heal|p2a: Zarude|112/292|[from] item: Leftovers
|upkeep
|turn|6
|j| lull (•◡•)
|
|t:|1651167300
|switch|p2a: Perrserker|Perrserker, L86, M|261/261
|move|p1a: Inteleon|Max Airstream|p2a: Perrserker
|-resisted|p2a: Perrserker
|-damage|p2a: Perrserker|194/261
|-boost|p1a: Inteleon|spe|1
|
|upkeep
|turn|7
|
|t:|1651167311
|move|p1a: Inteleon|Max Geyser|p2a: Perrserker
|-damage|p2a: Perrserker|0 fnt
|-weather|RainDance
|faint|p2a: Perrserker
|
|-weather|RainDance|[upkeep]
|upkeep
|
|t:|1651167322
|switch|p2a: Rotom|Rotom-Mow, L86|226/226
|-end|p1a: Inteleon|Dynamax
|-heal|p1a: Inteleon|62/243|[silent]
|turn|8
|j| Simple Spectator 2
|
|t:|1651167394
|move|p1a: Inteleon|Hydro Pump|p2a: Rotom
|-resisted|p2a: Rotom
|-damage|p2a: Rotom|56/226
|move|p2a: Rotom|Thunderbolt|p1a: Inteleon
|-supereffective|p1a: Inteleon
|-damage|p1a: Inteleon|0 fnt
|faint|p1a: Inteleon
|
|-weather|RainDance|[upkeep]
|-heal|p2a: Rotom|70/226|[from] item: Leftovers
|upkeep
|
|t:|1651167425
|switch|p1a: Bisharp|Bisharp, L80, M|235/235
|turn|9
|
|t:|1651167432
|switch|p2a: Dubwool|Dubwool, L86, M|264/264
|move|p1a: Bisharp|Swords Dance|p1a: Bisharp
|-boost|p1a: Bisharp|atk|2
|
|-weather|RainDance|[upkeep]
|upkeep
|turn|10
|
|t:|1651167437
|switch|p2a: Zarude|Zarude-Dada, L78|112/292
|move|p1a: Bisharp|Knock Off|p2a: Zarude
|-resisted|p2a: Zarude
|-damage|p2a: Zarude|0 fnt
|-enditem|p2a: Zarude|Leftovers|[from] move: Knock Off|[of] p1a: Bisharp
|faint|p2a: Zarude
|-damage|p1a: Bisharp|212/235|[from] item: Life Orb
|
|-weather|RainDance|[upkeep]
|upkeep
|
|t:|1651167441
|switch|p2a: Dubwool|Dubwool, L86, M|264/264
|turn|11
|
|t:|1651167446
|move|p2a: Dubwool|Cotton Guard|p2a: Dubwool
|-boost|p2a: Dubwool|def|3
|move|p1a: Bisharp|Knock Off|p2a: Dubwool
|-damage|p2a: Dubwool|159/264
|-enditem|p2a: Dubwool|Leftovers|[from] move: Knock Off|[of] p1a: Bisharp
|-damage|p1a: Bisharp|189/235|[from] item: Life Orb
|
|-weather|none
|upkeep
|turn|12
|
|t:|1651167455
|move|p2a: Dubwool|Body Press|p1a: Bisharp
|-supereffective|p1a: Bisharp
|-damage|p1a: Bisharp|0 fnt
|faint|p1a: Bisharp
|
|upkeep
|
|t:|1651167460
|switch|p1a: Jellicent|Jellicent, L84, M|305/305
|turn|13
|
|t:|1651167475
|move|p2a: Dubwool|Rest|p2a: Dubwool
|-status|p2a: Dubwool|slp|[from] move: Rest
|-heal|p2a: Dubwool|264/264 slp|[silent]
|move|p1a: Jellicent|Shadow Ball|p2a: Dubwool
|-immune|p2a: Dubwool|[from] ability: Bulletproof
|
|upkeep
|turn|14
|
|t:|1651167482
|cant|p2a: Dubwool|slp
|move|p2a: Dubwool|Sleep Talk|p2a: Dubwool
|move|p2a: Dubwool|Cotton Guard|p2a: Dubwool|[from]move: Sleep Talk
|-boost|p2a: Dubwool|def|3
|move|p1a: Jellicent|Shadow Ball|p2a: Dubwool
|-immune|p2a: Dubwool|[from] ability: Bulletproof
|
|upkeep
|turn|15
|
|t:|1651167489
|cant|p2a: Dubwool|slp
|move|p2a: Dubwool|Sleep Talk|p2a: Dubwool
|move|p2a: Dubwool|Cotton Guard|p2a: Dubwool|[from]move: Sleep Talk
|-boost|p2a: Dubwool|def|0
|move|p1a: Jellicent|Shadow Ball|p2a: Dubwool
|-immune|p2a: Dubwool|[from] ability: Bulletproof
|
|upkeep
|turn|16
|
|t:|1651167495
|-curestatus|p2a: Dubwool|slp|[msg]
|move|p2a: Dubwool|Body Press|p1a: Jellicent
|-immune|p1a: Jellicent
|move|p1a: Jellicent|Will-O-Wisp|p2a: Dubwool
|-status|p2a: Dubwool|brn
|
|-damage|p2a: Dubwool|248/264 brn|[from] brn
|upkeep
|turn|17
|
|t:|1651167504
|move|p2a: Dubwool|Rest|p2a: Dubwool
|-status|p2a: Dubwool|slp|[from] move: Rest
|-heal|p2a: Dubwool|264/264 slp|[silent]
|move|p1a: Jellicent|Scald|p2a: Dubwool
|-damage|p2a: Dubwool|189/264 slp
|
|upkeep
|turn|18
|
|t:|1651167513
|cant|p2a: Dubwool|slp
|move|p2a: Dubwool|Sleep Talk|p2a: Dubwool
|move|p2a: Dubwool|Body Press|p1a: Jellicent|[from]move: Sleep Talk
|-immune|p1a: Jellicent
|move|p1a: Jellicent|Scald|p2a: Dubwool
|-damage|p2a: Dubwool|114/264 slp
|
|upkeep
|turn|19
|
|t:|1651167521
|cant|p2a: Dubwool|slp
|move|p2a: Dubwool|Sleep Talk|p2a: Dubwool
|move|p2a: Dubwool|Cotton Guard|p2a: Dubwool|[from]move: Sleep Talk
|-boost|p2a: Dubwool|def|0
|move|p1a: Jellicent|Scald|p2a: Dubwool
|-damage|p2a: Dubwool|39/264 slp
|
|upkeep
|turn|20
|
|t:|1651167528
|switch|p1a: Lunatone|Lunatone, L86|277/295
|-curestatus|p2a: Dubwool|slp|[msg]
|move|p2a: Dubwool|Rest|p2a: Dubwool
|-status|p2a: Dubwool|slp|[from] move: Rest
|-heal|p2a: Dubwool|264/264 slp|[silent]
|
|upkeep
|turn|21
|
|t:|1651167537
|cant|p2a: Dubwool|slp
|move|p2a: Dubwool|Sleep Talk|p2a: Dubwool
|move|p2a: Dubwool|Body Press|p1a: Lunatone|[from]move: Sleep Talk
|-damage|p1a: Lunatone|0 fnt
|faint|p1a: Lunatone
|
|upkeep
|
|t:|1651167542
|switch|p1a: Jellicent|Jellicent, L84, M|305/305
|turn|22
|
|t:|1651167554
|cant|p2a: Dubwool|slp
|move|p1a: Jellicent|Scald|p2a: Dubwool
|-damage|p2a: Dubwool|192/264 slp
|
|upkeep
|turn|23
|
|t:|1651167572
|-curestatus|p2a: Dubwool|slp|[msg]
|move|p2a: Dubwool|Rest|p2a: Dubwool
|-status|p2a: Dubwool|slp|[from] move: Rest
|-heal|p2a: Dubwool|264/264 slp|[silent]
|move|p1a: Jellicent|Scald|p2a: Dubwool
|-damage|p2a: Dubwool|192/264 slp
|
|upkeep
|turn|24
|
|t:|1651167580
|cant|p2a: Dubwool|slp
|move|p2a: Dubwool|Sleep Talk|p2a: Dubwool
|move|p2a: Dubwool|Body Press|p1a: Jellicent|[from]move: Sleep Talk
|-immune|p1a: Jellicent
|move|p1a: Jellicent|Scald|p2a: Dubwool
|-damage|p2a: Dubwool|119/264 slp
|
|upkeep
|turn|25
|
|t:|1651167588
|cant|p2a: Dubwool|slp
|move|p2a: Dubwool|Sleep Talk|p2a: Dubwool
|move|p2a: Dubwool|Body Press|p1a: Jellicent|[from]move: Sleep Talk
|-immune|p1a: Jellicent
|move|p1a: Jellicent|Scald|p2a: Dubwool
|-damage|p2a: Dubwool|43/264 slp
|
|upkeep
|turn|26
|
|t:|1651167604
|-curestatus|p2a: Dubwool|slp|[msg]
|move|p2a: Dubwool|Rest|p2a: Dubwool
|-status|p2a: Dubwool|slp|[from] move: Rest
|-heal|p2a: Dubwool|264/264 slp|[silent]
|move|p1a: Jellicent|Will-O-Wisp||[still]
|-fail|p1a: Jellicent
|
|upkeep
|turn|27
|
|t:|1651167611
|cant|p2a: Dubwool|slp
|move|p1a: Jellicent|Will-O-Wisp||[still]
|-fail|p1a: Jellicent
|
|upkeep
|turn|28
|
|t:|1651167618
|switch|p2a: Rotom|Rotom-Mow, L86|70/226
|move|p1a: Jellicent|Will-O-Wisp|p2a: Rotom
|-status|p2a: Rotom|brn
|
|-heal|p2a: Rotom|84/226 brn|[from] item: Leftovers
|-damage|p2a: Rotom|70/226 brn|[from] brn
|upkeep
|turn|29
|
|t:|1651167622
|move|p2a: Rotom|Thunderbolt|p1a: Jellicent
|-supereffective|p1a: Jellicent
|-damage|p1a: Jellicent|129/305
|move|p1a: Jellicent|Shadow Ball|p2a: Rotom
|-crit|p2a: Rotom
|-damage|p2a: Rotom|0 fnt
|faint|p2a: Rotom
|
|-heal|p1a: Jellicent|148/305|[from] item: Leftovers
|upkeep
|
|t:|1651167625
|switch|p2a: Ninetales|Ninetales-Alola, L79, F|245/245
|-weather|Hail|[from] ability: Snow Warning|[of] p2a: Ninetales
|turn|30
|
|t:|1651167636
|switch|p1a: Lucario|Lucario, L82, M|249/249
|move|p2a: Ninetales|Nasty Plot|p2a: Ninetales
|-boost|p2a: Ninetales|spa|2
|
|-weather|Hail|[upkeep]
|-damage|p1a: Lucario|234/249|[from] Hail
|upkeep
|turn|31
|
|t:|1651167651
|-start|p2a: Ninetales|Dynamax|
|-heal|p2a: Ninetales|490/490|[silent]
|move|p2a: Ninetales|Max Starfall|p1a: Lucario
|-damage|p1a: Lucario|0 fnt
|-fieldstart|move: Misty Terrain
|faint|p1a: Lucario
|
|-weather|Hail|[upkeep]
|upkeep
|c|☆Elxsa|o i forgot u had dmax lol
|
|t:|1651167662
|switch|p1a: Jellicent|Jellicent, L84, M|148/305
|turn|32
|c|☆Elxsa|gg
|c|☆Referrals|gg bro
|
|t:|1651167670
|move|p2a: Ninetales|Max Starfall|p1a: Jellicent
|-damage|p1a: Jellicent|0 fnt
|faint|p1a: Jellicent
|
|win|Referrals
|raw|Elxsa's rating: 2497 &rarr; <strong>2478</strong><br />(-19 for losing)
|raw|Referrals's rating: 2506 &rarr; <strong>2525</strong><br />(+19 for winning)
|c| WorshiperofCthulu|yes Referrals you did it
|c|☆Referrals|:)
|l| Simple Spectator 2
|c|☆Elxsa|pog
|l| WorshiperofCthulu
|c|☆Referrals|Damn this felt like such a weird game
|c|☆Elxsa|yk one thing
|c|☆Referrals|What's up?
|c|☆Elxsa|you see how i used hydro pump
|c|☆Elxsa|on marshadow
|c|☆Referrals|Ye
||Ladder isn't responding, score probably updated but might not have (Request timeout).
|c|☆Elxsa|then i maxed
|c|☆Elxsa|when my max ended, i wasnt locked into pump
|c|☆Referrals|What?
|c|☆Elxsa|i had all 4 options
|c|☆Elxsa|yes
|c|☆Referrals|Also
|c|☆Elxsa|i found it strange
|c|☆Referrals|One thing I noticed that was strange too
