{"id": "gen8randombattle-1874610959", "p1": "villli125", "p2": "narutonine16", "format": "[Gen 8] Random Battle", "log": "|j|\u203dvillli125\n|j|\u2606narutonine16\n|t:|1685518625\n|gametype|singles\n|player|p1|villli125|lucas|1341\n|player|p2|narutonine16|169|1551\n|teamsize|p1|6\n|teamsize|p2|6\n|gen|8\n|tier|[Gen 8] Random Battle\n|rated|\n|rule|Species Clause: Limit one of each Pok\u00e9mon\n|rule|HP Percentage Mod: HP is shown in percentages\n|rule|Sleep Clause Mod: Limit one foe put to sleep\n|\n|t:|1685518625\n|start\n|switch|p1a: Kingdra|Kingdra, L82, F|257/257\n|switch|p2a: Slurpuff|Slurpuff, L80, F|262/262\n|turn|1\n|\n|t:|1685518638\n|switch|p1a: Blissey|Blissey, L83, F|559/559\n|move|p2a: Slurpuff|Belly Drum|p2a: Slurpuff\n|-damage|p2a: Slurpuff|131/262\n|-setboost|p2a: Slurpuff|atk|6|[from] move: Belly Drum\n|-enditem|p2a: Slurpuff|Sitrus Berry|[eat]\n|-heal|p2a: Slurpuff|196/262|[from] item: Sitrus Berry\n|\n|upkeep\n|turn|2\n|\n|t:|1685518648\n|move|p2a: Slurpuff|Drain Punch|p1a: Blissey\n|-supereffective|p1a: Blissey\n|-damage|p1a: Blissey|0 fnt\n|-heal|p2a: Slurpuff|262/262|[from] drain|[of] p1a: Blissey\n|faint|p1a: Blissey\n|\n|upkeep\n|\n|t:|1685518659\n|switch|p1a: Zacian|Zacian-Crowned, L62|218/218\n|-ability|p1a: Zacian|Intrepid Sword|boost\n|-boost|p1a: Zacian|atk|1\n|turn|3\n|\n|t:|1685518667\n|-start|p2a: Slurpuff|Dynamax|\n|-heal|p2a: Slurpuff|524/524|[silent]\n|move|p2a: Slurpuff|Max Starfall|p1a: Zacian\n|-resisted|p1a: Zacian\n|-damage|p1a: Zacian|0 fnt\n|-fieldstart|move: Misty Terrain\n|faint|p1a: Zacian\n|\n|upkeep\n|\n|t:|1685518682\n|switch|p1a: Raichu|Raichu-Alola, L84, F|238/238\n|turn|4\n|\n|t:|1685518690\n|-start|p1a: Raichu|Dynamax|\n|-heal|p1a: Raichu|476/476|[silent]\n|move|p1a: Raichu|Max Guard|p1a: Raichu\n|-singleturn|p1a: Raichu|Max Guard\n|move|p2a: Slurpuff|Max Starfall|p1a: Raichu\n|-activate|p1a: Raichu|move: Max Guard\n|\n|upkeep\n|turn|5\n|\n|t:|1685518700\n|move|p2a: Slurpuff|Max Starfall|p1a: Raichu\n|-damage|p1a: Raichu|0 fnt\n|faint|p1a: Raichu\n|\n|upkeep\n|\n|t:|1685518707\n|switch|p1a: Claydol|Claydol, L86|243/243\n|-end|p2a: Slurpuff|Dynamax\n|-heal|p2a: Slurpuff|262/262|[silent]\n|turn|6\n|\n|t:|1685518713\n|move|p2a: Slurpuff|Play Rough|p1a: Claydol\n|-damage|p1a: Claydol|0 fnt\n|faint|p1a: Claydol\n|\n|upkeep\n|\n|t:|1685518717\n|switch|p1a: Liepard|Liepard, L86, M|250/250\n|turn|7\n|\n|t:|1685518735\n|move|p1a: Liepard|Thunder Wave|p2a: Slurpuff\n|-activate|p2a: Slurpuff|move: Misty Terrain\n|move|p2a: Slurpuff|Drain Punch|p1a: Liepard\n|-supereffective|p1a: Liepard\n|-damage|p1a: Liepard|0 fnt\n|faint|p1a: Liepard\n|\n|-fieldend|Misty Terrain\n|upkeep\n|\n|t:|1685518745\n|switch|p1a: Kingdra|Kingdra, L82, F|257/257\n|turn|8\n|\n|t:|1685518753\n|move|p2a: Slurpuff|Play Rough|p1a: Kingdra|[miss]\n|-miss|p2a: Slurpuff|p1a: Kingdra\n|move|p1a: Kingdra|Hurricane|p2a: Slurpuff|[miss]\n|-miss|p1a: Kingdra|p2a: Slurpuff\n|\n|upkeep\n|turn|9\n|\n|t:|1685518760\n|move|p2a: Slurpuff|Play Rough|p1a: Kingdra\n|-supereffective|p1a: Kingdra\n|-damage|p1a: Kingdra|0 fnt\n|faint|p1a: Kingdra\n|\n|win|narutonine16\n|raw|villli125's rating: 1341 &rarr; <strong>1332</strong><br />(-9 for losing)\n|raw|narutonine16's rating: 1551 &rarr; <strong>1560</strong><br />(+9 for winning)\n", "inputlog": ">version d94486096666f9f03053a01e17a1c7fdbd408dfa\n>start {\"formatid\":\"gen8randombattle\",\"seed\":[22454,30506,30695,3175],\"rated\":\"Rated battle\"}\n>player p1 {\"name\":\"villli125\",\"avatar\":\"lucas\",\"rating\":1341,\"seed\":[55146,48466,38360,27051]}\n>player p2 {\"name\":\"narutonine16\",\"avatar\":\"169\",\"rating\":1551,\"seed\":[13068,6679,56643,1583]}\n>p1 switch 2\n>p2 move bellydrum\n>p1 move toxic\n>p2 move drainpunch\n>p1 switch 4\n>p1 move behemothblade\n>p2 move playrough dynamax\n>p1 switch 6\n>p1 move nastyplot dynamax\n>p2 move playrough dynamax\n>p1 move thunderbolt dynamax\n>p2 move playrough dynamax\n>p1 switch 5\n>p1 move toxic\n>p2 move playrough\n>p1 switch 3\n>p1 move thunderwave\n>p2 move drainpunch\n>p1 switch 2\n>p1 move hurricane\n>p2 move playrough\n>p1 move hurricane\n>p2 move playrough", "uploadtime": 1685518765, "views": 9, "p1id": "villli125", "p2id": "narutonine16", "formatid": "gen8randombattle", "rating": 1332, "private": 0, "password": ""}