|j|☆KuroMegaCharletX
|j|☆Iamsleep
|t:|1684306580
|gametype|singles
|player|p1|KuroMegaCharletX|red|
|player|p2|Iamsleep|caitlin|
|teamsize|p1|6
|teamsize|p2|6
|gen|8
|tier|[Gen 8] Random Battle
|rule|Species Clause: Limit one of each Pokémon
|rule|HP Percentage Mod: HP is shown in percentages
|rule|Sleep Clause Mod: Limit one foe put to sleep
|
|t:|1684306580
|start
|switch|p1a: Dunsparce|Dunsparce, L90, M|326/326
|switch|p2a: Glalie|Glalie, L80, F|259/259
|turn|1
|c|☆Iamsleep|gl hf buddy
|
|t:|1684306609
|switch|p1a: Aerodactyl|Aerodactyl, L82, M|265/265
|-ability|p1a: Aerodactyl|Unnerve
|move|p2a: Glalie|Substitute|p2a: Glalie
|-start|p2a: Glalie|Substitute
|-damage|p2a: Glalie|195/259
|
|-heal|p2a: Glalie|211/259|[from] item: Leftovers
|-ability|p2a: Glalie|Moody|boost
|-boost|p2a: Glalie|def|2
|-unboost|p2a: Glalie|spd|1
|upkeep
|turn|2
|
|t:|1684306621
|move|p2a: Glalie|Protect|p2a: Glalie
|-singleturn|p2a: Glalie|Protect
|move|p1a: Aerodactyl|Hone Claws|p1a: Aerodactyl
|-boost|p1a: Aerodactyl|atk|1
|-boost|p1a: Aerodactyl|accuracy|1
|
|-heal|p2a: Glalie|227/259|[from] item: Leftovers
|-ability|p2a: Glalie|Moody|boost
|-boost|p2a: Glalie|spa|2
|-unboost|p2a: Glalie|spe|1
|upkeep
|turn|3
|
|t:|1684306632
|move|p1a: Aerodactyl|Hone Claws|p1a: Aerodactyl
|-boost|p1a: Aerodactyl|atk|1
|-boost|p1a: Aerodactyl|accuracy|1
|move|p2a: Glalie|Freeze-Dry|p1a: Aerodactyl
|-supereffective|p1a: Aerodactyl
|-damage|p1a: Aerodactyl|1/265
|
|-heal|p2a: Glalie|243/259|[from] item: Leftovers
|-ability|p2a: Glalie|Moody|boost
|-boost|p2a: Glalie|spd|2
|-unboost|p2a: Glalie|spa|1
|upkeep
|turn|4
|
|t:|1684306644
|move|p2a: Glalie|Protect|p2a: Glalie
|-singleturn|p2a: Glalie|Protect
|move|p1a: Aerodactyl|Dual Wingbeat|p2a: Glalie
|-activate|p2a: Glalie|move: Protect
|
|-heal|p2a: Glalie|259/259|[from] item: Leftovers
|-ability|p2a: Glalie|Moody|boost
|-boost|p2a: Glalie|spa|2
|-unboost|p2a: Glalie|spd|1
|upkeep
|turn|5
|
|t:|1684306659
|move|p1a: Aerodactyl|Dual Wingbeat|p2a: Glalie
|-activate|p2a: Glalie|move: Substitute|[damage]
|-end|p2a: Glalie|Substitute
|-hitcount|p2a: Glalie|2
|move|p2a: Glalie|Freeze-Dry|p1a: Aerodactyl
|-supereffective|p1a: Aerodactyl
|-damage|p1a: Aerodactyl|0 fnt
|faint|p1a: Aerodactyl
|
|-ability|p2a: Glalie|Moody|boost
|-boost|p2a: Glalie|spa|2
|-unboost|p2a: Glalie|atk|1
|upkeep
|
|t:|1684306680
|switch|p1a: Sharpedo|Sharpedo, L82, F|249/249
|turn|6
|
|t:|1684306688
|move|p2a: Glalie|Protect|p2a: Glalie
|-singleturn|p2a: Glalie|Protect
|move|p1a: Sharpedo|Close Combat|p2a: Glalie
|-activate|p2a: Glalie|move: Protect
|
|-ability|p1a: Sharpedo|Speed Boost|boost
|-boost|p1a: Sharpedo|spe|1
|-ability|p2a: Glalie|Moody|boost
|-boost|p2a: Glalie|spe|2
|-unboost|p2a: Glalie|def|1
|upkeep
|turn|7
|
|t:|1684306697
|move|p1a: Sharpedo|Close Combat|p2a: Glalie
|-supereffective|p2a: Glalie
|-damage|p2a: Glalie|77/259
|-unboost|p1a: Sharpedo|def|1
|-unboost|p1a: Sharpedo|spd|1
|-damage|p1a: Sharpedo|225/249|[from] item: Life Orb
|move|p2a: Glalie|Freeze-Dry|p1a: Sharpedo
|-supereffective|p1a: Sharpedo
|-damage|p1a: Sharpedo|0 fnt
|faint|p1a: Sharpedo
|
|-heal|p2a: Glalie|93/259|[from] item: Leftovers
|-ability|p2a: Glalie|Moody|boost
|-boost|p2a: Glalie|spa|1
|-unboost|p2a: Glalie|spe|1
|upkeep
|
|t:|1684306726
|switch|p1a: Dunsparce|Dunsparce, L90, M|326/326
|turn|8
|
|t:|1684306741
|move|p2a: Glalie|Substitute|p2a: Glalie
|-start|p2a: Glalie|Substitute
|-damage|p2a: Glalie|29/259
|move|p1a: Dunsparce|Earthquake|p2a: Glalie
|-activate|p2a: Glalie|move: Substitute|[damage]
|
|-heal|p2a: Glalie|45/259|[from] item: Leftovers
|-ability|p2a: Glalie|Moody|boost
|-boost|p2a: Glalie|spd|2
|-unboost|p2a: Glalie|def|1
|upkeep
|turn|9
|
|t:|1684306748
|move|p2a: Glalie|Protect|p2a: Glalie
|-singleturn|p2a: Glalie|Protect
|move|p1a: Dunsparce|Body Slam|p2a: Glalie
|-activate|p2a: Glalie|move: Protect
|
|-heal|p2a: Glalie|61/259|[from] item: Leftovers
|-ability|p2a: Glalie|Moody|boost
|-boost|p2a: Glalie|spe|2
|-unboost|p2a: Glalie|atk|1
|upkeep
|turn|10
|
|t:|1684306759
|move|p2a: Glalie|Freeze-Dry|p1a: Dunsparce
|-damage|p1a: Dunsparce|37/326
|move|p1a: Dunsparce|Body Slam|p2a: Glalie
|-end|p2a: Glalie|Substitute
|
|-heal|p2a: Glalie|77/259|[from] item: Leftovers
|-heal|p1a: Dunsparce|57/326|[from] item: Leftovers
|-ability|p2a: Glalie|Moody|boost
|-boost|p2a: Glalie|atk|2
|-unboost|p2a: Glalie|spa|1
|upkeep
|turn|11
|
|t:|1684306769
|move|p2a: Glalie|Substitute|p2a: Glalie
|-start|p2a: Glalie|Substitute
|-damage|p2a: Glalie|13/259
|move|p1a: Dunsparce|Roost|p1a: Dunsparce
|-heal|p1a: Dunsparce|220/326
|-singleturn|p1a: Dunsparce|move: Roost
|
|-heal|p2a: Glalie|29/259|[from] item: Leftovers
|-heal|p1a: Dunsparce|240/326|[from] item: Leftovers
|-ability|p2a: Glalie|Moody|boost
|-boost|p2a: Glalie|spd|2
|-unboost|p2a: Glalie|atk|1
|upkeep
|turn|12
|
|t:|1684306779
|move|p2a: Glalie|Freeze-Dry|p1a: Dunsparce
|-damage|p1a: Dunsparce|0 fnt
|faint|p1a: Dunsparce
|
|-heal|p2a: Glalie|45/259|[from] item: Leftovers
|-ability|p2a: Glalie|Moody|boost
|-boost|p2a: Glalie|atk|2
|-unboost|p2a: Glalie|spe|1
|upkeep
|
|t:|1684306789
|switch|p1a: Thundurus|Thundurus-Therian, L80, M|258/258
|turn|13
|c|☆Iamsleep|And this, is why moody is banned in regular metagames
|
|t:|1684306797
|move|p1a: Thundurus|Grass Knot|p2a: Glalie
|-activate|p2a: Glalie|move: Substitute|[damage]
|move|p2a: Glalie|Freeze-Dry|p1a: Thundurus
|-supereffective|p1a: Thundurus
|-damage|p1a: Thundurus|0 fnt
|faint|p1a: Thundurus
|
|-heal|p2a: Glalie|61/259|[from] item: Leftovers
|-ability|p2a: Glalie|Moody|boost
|-boost|p2a: Glalie|def|2
|-unboost|p2a: Glalie|atk|1
|upkeep
|
|t:|1684306800
|switch|p1a: Comfey|Comfey, L86, F|228/228
|turn|14
|
|t:|1684306810
|move|p2a: Glalie|Freeze-Dry|p1a: Comfey
|-crit|p1a: Comfey
|-damage|p1a: Comfey|0 fnt
|faint|p1a: Comfey
|
|-heal|p2a: Glalie|77/259|[from] item: Leftovers
|-ability|p2a: Glalie|Moody|boost
|-boost|p2a: Glalie|spe|2
|-unboost|p2a: Glalie|spd|1
|upkeep
|
|t:|1684306813
|switch|p1a: Latias|Latias, L80, F|259/259
|turn|15
|
|t:|1684306816
|move|p2a: Glalie|Freeze-Dry|p1a: Latias
|-supereffective|p1a: Latias
|-damage|p1a: Latias|0 fnt
|faint|p1a: Latias
|
|win|Iamsleep
|c|☆Iamsleep|gg
|l|☆KuroMegaCharletX
