{"id": "gen8randombattle-1621809672", "p1": "Memezboi69", "p2": "Sa!duck", "format": "[Gen 8] Random Battle", "log": "|j|\u2606Memezboi69\n|j|\u2606Sa!duck\n|t:|1658370107\n|gametype|singles\n|player|p1|Memezboi69|thorton|2387\n|player|p2|Sa!duck|cress|2482\n|teamsize|p1|6\n|teamsize|p2|6\n|gen|8\n|tier|[Gen 8] Random Battle\n|rated|\n|rule|Species Clause: Limit one of each Pok\u00e9mon\n|rule|HP Percentage Mod: HP is shown in percentages\n|rule|Sleep Clause Mod: Limit one foe put to sleep\n|\n|t:|1658370107\n|start\n|switch|p1a: Regidrago|Regidrago, L78|440/440\n|switch|p2a: Clawitzer|Clawitzer, L84, F|256/256\n|turn|1\n|inactive|Battle timer is ON: inactive players will automatically lose when time's up. (requested by Memezboi69)\n|j| KingZuko\n|\n|t:|1658370117\n|switch|p1a: Tentacruel|Tentacruel, L84, F|272/272\n|move|p2a: Clawitzer|Ice Beam|p1a: Tentacruel\n|-resisted|p1a: Tentacruel\n|-damage|p1a: Tentacruel|230/272\n|\n|-heal|p1a: Tentacruel|247/272|[from] item: Black Sludge\n|upkeep\n|turn|2\n|\n|t:|1658370122\n|switch|p2a: Stunfisk|Stunfisk, L84, F|320/320\n|move|p1a: Tentacruel|Knock Off|p2a: Stunfisk\n|-damage|p2a: Stunfisk|265/320\n|-enditem|p2a: Stunfisk|Leftovers|[from] move: Knock Off|[of] p1a: Tentacruel\n|\n|-heal|p1a: Tentacruel|264/272|[from] item: Black Sludge\n|upkeep\n|turn|3\n|\n|t:|1658370127\n|move|p1a: Tentacruel|Scald|p2a: Stunfisk\n|-supereffective|p2a: Stunfisk\n|-damage|p2a: Stunfisk|119/320\n|move|p2a: Stunfisk|Stealth Rock|p1a: Tentacruel\n|-sidestart|p1: Memezboi69|move: Stealth Rock\n|\n|-heal|p1a: Tentacruel|272/272|[from] item: Black Sludge\n|upkeep\n|turn|4\n|\n|t:|1658370137\n|switch|p2a: Hydreigon|Hydreigon, L80, M|278/278\n|move|p1a: Tentacruel|Scald|p2a: Hydreigon\n|-resisted|p2a: Hydreigon\n|-damage|p2a: Hydreigon|242/278\n|\n|-heal|p2a: Hydreigon|259/278|[from] item: Leftovers\n|upkeep\n|turn|5\n|\n|t:|1658370140\n|move|p1a: Tentacruel|Knock Off|p2a: Hydreigon\n|-resisted|p2a: Hydreigon\n|-damage|p2a: Hydreigon|231/278\n|-enditem|p2a: Hydreigon|Leftovers|[from] move: Knock Off|[of] p1a: Tentacruel\n|move|p2a: Hydreigon|Nasty Plot|p2a: Hydreigon\n|-boost|p2a: Hydreigon|spa|2\n|\n|upkeep\n|turn|6\n|\n|t:|1658370143\n|move|p1a: Tentacruel|Haze|p1a: Tentacruel\n|-clearallboost\n|move|p2a: Hydreigon|Dark Pulse|p1a: Tentacruel\n|-damage|p1a: Tentacruel|196/272\n|\n|-heal|p1a: Tentacruel|213/272|[from] item: Black Sludge\n|upkeep\n|turn|7\n|\n|t:|1658370147\n|move|p1a: Tentacruel|Sludge Bomb|p2a: Hydreigon\n|-damage|p2a: Hydreigon|144/278\n|-status|p2a: Hydreigon|psn\n|move|p2a: Hydreigon|Dark Pulse|p1a: Tentacruel\n|-damage|p1a: Tentacruel|138/272\n|\n|-heal|p1a: Tentacruel|155/272|[from] item: Black Sludge\n|-damage|p2a: Hydreigon|110/278 psn|[from] psn\n|upkeep\n|turn|8\n|\n|t:|1658370151\n|move|p1a: Tentacruel|Sludge Bomb|p2a: Hydreigon\n|-damage|p2a: Hydreigon|20/278 psn\n|move|p2a: Hydreigon|Draco Meteor|p1a: Tentacruel\n|-damage|p1a: Tentacruel|29/272\n|-unboost|p2a: Hydreigon|spa|2\n|\n|-heal|p1a: Tentacruel|46/272|[from] item: Black Sludge\n|-damage|p2a: Hydreigon|0 fnt|[from] psn\n|faint|p2a: Hydreigon\n|upkeep\n|\n|t:|1658370165\n|switch|p2a: Clawitzer|Clawitzer, L84, F|256/256\n|turn|9\n|\n|t:|1658370170\n|move|p1a: Tentacruel|Sludge Bomb|p2a: Clawitzer\n|-damage|p2a: Clawitzer|178/256\n|move|p2a: Clawitzer|Water Pulse|p1a: Tentacruel\n|-resisted|p1a: Tentacruel\n|-damage|p1a: Tentacruel|0 fnt\n|faint|p1a: Tentacruel\n|\n|upkeep\n|\n|t:|1658370180\n|switch|p1a: Noivern|Noivern, L82, M|274/274\n|turn|10\n|\n|t:|1658370187\n|switch|p2a: Tyranitar|Tyranitar, L78, F|284/284\n|-weather|Sandstorm|[from] ability: Sand Stream|[of] p2a: Tyranitar\n|move|p1a: Noivern|Flamethrower|p2a: Tyranitar\n|-resisted|p2a: Tyranitar\n|-damage|p2a: Tyranitar|265/284\n|\n|-weather|Sandstorm|[upkeep]\n|-damage|p1a: Noivern|257/274|[from] Sandstorm\n|upkeep\n|turn|11\n|\n|t:|1658370196\n|switch|p1a: Regidrago|Regidrago, L78|440/440\n|-damage|p1a: Regidrago|385/440|[from] Stealth Rock\n|move|p2a: Tyranitar|Dragon Dance|p2a: Tyranitar\n|-boost|p2a: Tyranitar|atk|1\n|-boost|p2a: Tyranitar|spe|1\n|\n|-weather|Sandstorm|[upkeep]\n|-damage|p1a: Regidrago|358/440|[from] Sandstorm\n|upkeep\n|turn|12\n|\n|t:|1658370206\n|-start|p1a: Regidrago|Dynamax|\n|-heal|p1a: Regidrago|716/880|[silent]\n|move|p2a: Tyranitar|Dragon Dance|p2a: Tyranitar\n|-boost|p2a: Tyranitar|atk|1\n|-boost|p2a: Tyranitar|spe|1\n|move|p1a: Regidrago|Max Wyrmwind|p2a: Tyranitar\n|-crit|p2a: Tyranitar\n|-damage|p2a: Tyranitar|0 fnt\n|faint|p2a: Tyranitar\n|\n|-weather|Sandstorm|[upkeep]\n|-damage|p1a: Regidrago|689/880|[from] Sandstorm\n|upkeep\n|\n|t:|1658370220\n|switch|p2a: Clawitzer|Clawitzer, L84, F|178/256\n|turn|13\n|\n|t:|1658370225\n|move|p1a: Regidrago|Max Wyrmwind|p2a: Clawitzer\n|-damage|p2a: Clawitzer|0 fnt\n|faint|p2a: Clawitzer\n|\n|-weather|Sandstorm|[upkeep]\n|-damage|p1a: Regidrago|662/880|[from] Sandstorm\n|upkeep\n|\n|t:|1658370233\n|switch|p2a: Lugia|Lugia, L74|279/279\n|turn|14\n|\n|t:|1658370237\n|move|p2a: Lugia|Toxic|p1a: Regidrago\n|-status|p1a: Regidrago|tox\n|-enditem|p1a: Regidrago|Lum Berry|[eat]\n|-curestatus|p1a: Regidrago|tox|[msg]\n|move|p1a: Regidrago|Max Knuckle|p2a: Lugia\n|-resisted|p2a: Lugia\n|-damage|p2a: Lugia|274/279\n|-boost|p1a: Regidrago|atk|1\n|\n|-weather|none\n|upkeep\n|-end|p1a: Regidrago|Dynamax\n|-heal|p1a: Regidrago|331/440|[silent]\n|turn|15\n|\n|t:|1658370240\n|move|p2a: Lugia|Toxic|p1a: Regidrago\n|-status|p1a: Regidrago|tox\n|move|p1a: Regidrago|Dragon Dance|p1a: Regidrago\n|-boost|p1a: Regidrago|atk|1\n|-boost|p1a: Regidrago|spe|1\n|\n|-damage|p1a: Regidrago|304/440 tox|[from] psn\n|upkeep\n|turn|16\n|\n|t:|1658370246\n|-start|p2a: Lugia|Dynamax|\n|-heal|p2a: Lugia|548/558|[silent]\n|move|p2a: Lugia|Max Guard|p2a: Lugia\n|-singleturn|p2a: Lugia|Max Guard\n|move|p1a: Regidrago|Outrage|p2a: Lugia\n|-activate|p2a: Lugia|move: Max Guard\n|\n|-damage|p1a: Regidrago|250/440 tox|[from] psn\n|upkeep\n|turn|17\n|\n|t:|1658370251\n|move|p1a: Regidrago|Outrage|p2a: Lugia\n|-damage|p2a: Lugia|248/558\n|move|p2a: Lugia|Max Airstream|p1a: Regidrago\n|-damage|p1a: Regidrago|102/440 tox\n|-boost|p2a: Lugia|spe|1\n|\n|-damage|p1a: Regidrago|21/440 tox|[from] psn\n|upkeep\n|turn|18\n|\n|t:|1658370256\n|move|p2a: Lugia|Max Airstream|p1a: Regidrago\n|-damage|p1a: Regidrago|0 fnt\n|-boost|p2a: Lugia|spe|1\n|faint|p1a: Regidrago\n|\n|upkeep\n|\n|t:|1658370259\n|switch|p1a: Morpeko|Morpeko, L86, F|240/240\n|-damage|p1a: Morpeko|210/240|[from] Stealth Rock\n|-end|p2a: Lugia|Dynamax\n|-heal|p2a: Lugia|124/279|[silent]\n|turn|19\n|\n|t:|1658370262\n|switch|p2a: Stunfisk|Stunfisk, L84, F|119/320\n|move|p1a: Morpeko|Aura Wheel|p2a: Stunfisk\n|-immune|p2a: Stunfisk\n|\n|-heal|p1a: Morpeko|225/240|[from] item: Leftovers\n|-formechange|p1a: Morpeko|Morpeko-Hangry||[from] ability: Hunger Switch\n|upkeep\n|turn|20\n|\n|t:|1658370265\n|move|p1a: Morpeko|Aura Wheel|p2a: Stunfisk\n|-damage|p2a: Stunfisk|0 fnt\n|-boost|p1a: Morpeko|spe|1\n|faint|p2a: Stunfisk\n|\n|-heal|p1a: Morpeko|240/240|[from] item: Leftovers\n|-formechange|p1a: Morpeko|Morpeko||[from] ability: Hunger Switch\n|upkeep\n|\n|t:|1658370268\n|switch|p2a: Heatran|Heatran, L78, M|270/270\n|turn|21\n|\n|t:|1658370280\n|switch|p1a: Noivern|Noivern, L82, M|257/274\n|move|p2a: Heatran|Toxic|p1a: Noivern\n|-status|p1a: Noivern|tox\n|\n|-damage|p1a: Noivern|240/274 tox|[from] psn\n|upkeep\n|turn|22\n|\n|t:|1658370285\n|move|p2a: Heatran|Protect|p2a: Heatran\n|-singleturn|p2a: Heatran|Protect\n|move|p1a: Noivern|Hurricane|p2a: Heatran\n|-activate|p2a: Heatran|move: Protect\n|\n|-damage|p1a: Noivern|206/274 tox|[from] psn\n|upkeep\n|turn|23\n|\n|t:|1658370291\n|switch|p2a: Lugia|Lugia, L74|124/279\n|move|p1a: Noivern|Hurricane|p2a: Lugia\n|-damage|p2a: Lugia|43/279\n|-start|p2a: Lugia|confusion\n|\n|-damage|p1a: Noivern|155/274 tox|[from] psn\n|upkeep\n|turn|24\n|\n|t:|1658370296\n|move|p1a: Noivern|Draco Meteor|p2a: Lugia\n|-damage|p2a: Lugia|0 fnt\n|-unboost|p1a: Noivern|spa|2\n|faint|p2a: Lugia\n|\n|-damage|p1a: Noivern|87/274 tox|[from] psn\n|upkeep\n|\n|t:|1658370298\n|switch|p2a: Heatran|Heatran, L78, M|270/270\n|turn|25\n|\n|t:|1658370303\n|move|p1a: Noivern|Roost|p1a: Noivern\n|-heal|p1a: Noivern|224/274 tox\n|-singleturn|p1a: Noivern|move: Roost\n|move|p2a: Heatran|Toxic|p1a: Noivern\n|-fail|p1a: Noivern|tox\n|\n|-damage|p1a: Noivern|139/274 tox|[from] psn\n|upkeep\n|turn|26\n|\n|t:|1658370306\n|move|p1a: Noivern|Hurricane|p2a: Heatran\n|-resisted|p2a: Heatran\n|-damage|p2a: Heatran|243/270\n|move|p2a: Heatran|Toxic|p1a: Noivern\n|-fail|p1a: Noivern|tox\n|\n|-heal|p2a: Heatran|259/270|[from] item: Leftovers\n|-damage|p1a: Noivern|37/274 tox|[from] psn\n|upkeep\n|turn|27\n|\n|t:|1658370309\n|move|p1a: Noivern|Hurricane|p2a: Heatran|[miss]\n|-miss|p1a: Noivern|p2a: Heatran\n|move|p2a: Heatran|Toxic|p1a: Noivern\n|-fail|p1a: Noivern|tox\n|\n|-heal|p2a: Heatran|270/270|[from] item: Leftovers\n|-damage|p1a: Noivern|0 fnt|[from] psn\n|faint|p1a: Noivern\n|upkeep\n|\n|t:|1658370311\n|switch|p1a: Zapdos|Zapdos, L78|267/267\n|-damage|p1a: Zapdos|201/267|[from] Stealth Rock\n|turn|28\n|\n|t:|1658370326\n|move|p1a: Zapdos|Discharge|p2a: Heatran\n|-damage|p2a: Heatran|137/270\n|move|p2a: Heatran|Toxic|p1a: Zapdos\n|-status|p1a: Zapdos|tox\n|\n|-heal|p2a: Heatran|153/270|[from] item: Leftovers\n|-damage|p1a: Zapdos|185/267 tox|[from] psn\n|upkeep\n|turn|29\n|\n|t:|1658370330\n|move|p2a: Heatran|Protect|p2a: Heatran\n|-singleturn|p2a: Heatran|Protect\n|move|p1a: Zapdos|Discharge|p2a: Heatran\n|-activate|p2a: Heatran|move: Protect\n|\n|-heal|p2a: Heatran|169/270|[from] item: Leftovers\n|-damage|p1a: Zapdos|153/267 tox|[from] psn\n|upkeep\n|turn|30\n|j| Flower4fun46\n|\n|t:|1658370334\n|move|p1a: Zapdos|Discharge|p2a: Heatran\n|-damage|p2a: Heatran|49/270\n|move|p2a: Heatran|Lava Plume|p1a: Zapdos\n|-damage|p1a: Zapdos|54/267 tox\n|\n|-heal|p2a: Heatran|65/270|[from] item: Leftovers\n|-damage|p1a: Zapdos|6/267 tox|[from] psn\n|upkeep\n|turn|31\n|\n|t:|1658370336\n|move|p2a: Heatran|Protect|p2a: Heatran\n|-singleturn|p2a: Heatran|Protect\n|move|p1a: Zapdos|Discharge|p2a: Heatran\n|-activate|p2a: Heatran|move: Protect\n|\n|-heal|p2a: Heatran|81/270|[from] item: Leftovers\n|-damage|p1a: Zapdos|0 fnt|[from] psn\n|faint|p1a: Zapdos\n|upkeep\n|\n|t:|1658370338\n|switch|p1a: Lunala|Lunala, L72|316/316\n|-damage|p1a: Lunala|277/316|[from] Stealth Rock\n|turn|32\n|\n|t:|1658370342\n|move|p1a: Lunala|Moongeist Beam|p2a: Heatran\n|-damage|p2a: Heatran|0 fnt\n|faint|p2a: Heatran\n|\n|win|Memezboi69\n|raw|Memezboi69's rating: 2387 &rarr; <strong>2412</strong><br />(+25 for winning)\n|raw|Sa!duck's rating: 2482 &rarr; <strong>2457</strong><br />(-25 for losing)\n|l|\u2606Sa!duck\n|l|\u2606Memezboi69\n", "inputlog": ">version 33a722e82dfdefe5f98cdcaab412ac0b95804dea\n>start {\"formatid\":\"gen8randombattle\",\"seed\":[25586,56530,24736,24919],\"rated\":\"Rated battle\"}\n>player p1 {\"name\":\"Memezboi69\",\"avatar\":\"thorton\",\"rating\":2387,\"seed\":[34661,44683,27956,19589]}\n>player p2 {\"name\":\"Sa!duck\",\"avatar\":\"cress\",\"rating\":2482,\"seed\":[63267,43929,63500,38773]}\n>p1 switch 5\n>p2 move icebeam\n>p1 move knockoff\n>p2 switch 5\n>p1 move scald\n>p2 move stealthrock\n>p1 move scald\n>p2 switch 2\n>p1 move knockoff\n>p2 move nastyplot\n>p1 move haze\n>p2 move darkpulse\n>p1 move sludgebomb\n>p2 move darkpulse\n>p1 move sludgebomb\n>p2 move dracometeor\n>p2 switch 5\n>p1 move sludgebomb\n>p2 move waterpulse\n>p1 switch 3\n>p1 move flamethrower\n>p2 switch 3\n>p1 switch 5\n>p2 move dragondance\n>p1 move outrage dynamax\n>p2 move dragondance\n>p2 switch 3\n>p1 move outrage dynamax\n>p2 move icebeam\n>p2 switch 4\n>p1 move hammerarm dynamax\n>p2 move toxic\n>p1 move dragondance\n>p2 move toxic\n>p1 move outrage\n>p2 move substitute dynamax\n>p1 move outrage\n>p2 move airslash dynamax\n>p1 move outrage\n>p2 move airslash dynamax\n>p1 switch 4\n>p1 move aurawheel\n>p2 switch 2\n>p1 move aurawheel\n>p2 move earthpower\n>p2 switch 6\n>p1 switch 5\n>p2 move toxic\n>p1 move hurricane\n>p2 move protect\n>p1 move hurricane\n>p2 switch 2\n>p1 move dracometeor\n>p2 move roost\n>p2 switch 2\n>p1 move roost\n>p2 move toxic\n>p1 move hurricane\n>p2 move toxic\n>p1 move hurricane\n>p2 move toxic\n>p1 switch 2\n>p1 move discharge\n>p2 move toxic\n>p1 move discharge\n>p2 move protect\n>p1 move discharge\n>p2 move lavaplume\n>p1 move discharge\n>p2 move protect\n>p1 switch 6\n>p1 move moongeistbeam\n>p2 move toxic", "uploadtime": 1658370367, "views": 12, "p1id": "memezboi69", "p2id": "saduck", "formatid": "gen8randombattle", "rating": 2412, "private": 0, "password": null}