|j|☆Hilda2021
|j|☆lui 2022
|t:|1683815120
|gametype|singles
|player|p1|Hilda2021|hilda|
|player|p2|lui 2022|265|
|teamsize|p1|6
|teamsize|p2|6
|gen|8
|tier|[Gen 8] Random Battle
|rule|Species Clause: Limit one of each Pokémon
|rule|HP Percentage Mod: HP is shown in percentages
|rule|Sleep Clause Mod: Limit one foe put to sleep
|
|t:|1683815120
|start
|switch|p1a: Tornadus|Tornadus, L80, M|258/258
|switch|p2a: Claydol|Claydol, L86|243/243
|turn|1
|
|t:|1683815158
|switch|p1a: Delibird|Delibird, M|252/252
|move|p2a: Claydol|Stealth Rock|p1a: Delibird
|-sidestart|p1: Hilda2021|move: Stealth Rock
|
|upkeep
|turn|2
|
|t:|1683815204
|switch|p2a: Scizor|Scizor, L80, M|243/243
|move|p1a: Delibird|Rapid Spin|p2a: Scizor
|-resisted|p2a: Scizor
|-crit|p2a: Scizor
|-damage|p2a: Scizor|219/243
|-boost|p1a: Delibird|spe|1
|-sideend|p1: Hilda2021|Stealth Rock|[from] move: Rapid Spin|[of] p1a: Delibird
|
|-heal|p2a: Scizor|234/243|[from] item: Leftovers
|upkeep
|turn|3
|
|t:|1683815232
|switch|p1a: Chandelure|Chandelure, L82, F|233/233
|move|p2a: Scizor|Swords Dance|p2a: Scizor
|-boost|p2a: Scizor|atk|2
|
|-heal|p2a: Scizor|243/243|[from] item: Leftovers
|upkeep
|turn|4
|
|t:|1683815332
|switch|p2a: Pikachu|Pikachu-Kalos, L92, M|214/214
|move|p1a: Chandelure|Fire Blast|p2a: Pikachu
|-damage|p2a: Pikachu|7/214
|
|upkeep
|turn|5
|
|t:|1683815381
|switch|p1a: Delibird|Delibird, M|252/252
|-start|p2a: Pikachu|Dynamax|
|-heal|p2a: Pikachu|14/428|[silent]
|move|p2a: Pikachu|Max Geyser|p1a: Delibird
|-damage|p1a: Delibird|81/252
|-weather|RainDance
|
|-weather|RainDance|[upkeep]
|upkeep
|turn|6
|
|t:|1683815396
|switch|p1a: Lanturn|Lanturn, L86, F|355/355
|move|p2a: Pikachu|Max Geyser|p1a: Lanturn
|-resisted|p1a: Lanturn
|-damage|p1a: Lanturn|245/355
|
|-weather|RainDance|[upkeep]
|-heal|p1a: Lanturn|267/355|[from] item: Leftovers
|upkeep
|turn|7
|
|t:|1683815410
|move|p2a: Pikachu|Max Lightning|p1a: Lanturn
|-heal|p1a: Lanturn|355/355|[from] ability: Volt Absorb|[of] p2a: Pikachu
|move|p1a: Lanturn|Scald|p2a: Pikachu
|-damage|p2a: Pikachu|0 fnt
|faint|p2a: Pikachu
|
|-weather|RainDance|[upkeep]
|upkeep
|
|t:|1683815423
|switch|p2a: Golurk|Golurk, L82|280/280
|turn|8
|
|t:|1683815435
|move|p1a: Lanturn|Scald|p2a: Golurk
|-supereffective|p2a: Golurk
|-damage|p2a: Golurk|38/280
|move|p2a: Golurk|Earthquake|p1a: Lanturn
|-supereffective|p1a: Lanturn
|-damage|p1a: Lanturn|0 fnt
|faint|p1a: Lanturn
|
|-weather|RainDance|[upkeep]
|upkeep
|
|t:|1683815448
|switch|p1a: Delibird|Delibird, M|81/252
|turn|9
|
|t:|1683815462
|switch|p2a: Vanilluxe|Vanilluxe, L82, M|251/251
|-weather|Hail|[from] ability: Snow Warning|[of] p2a: Vanilluxe
|move|p1a: Delibird|Freeze-Dry|p2a: Vanilluxe
|-resisted|p2a: Vanilluxe
|-damage|p2a: Vanilluxe|215/251
|
|-weather|Hail|[upkeep]
|upkeep
|turn|10
|
|t:|1683815478
|move|p1a: Delibird|Spikes|p2a: Vanilluxe
|-sidestart|p2: lui 2022|Spikes
|move|p2a: Vanilluxe|Blizzard|p1a: Delibird
|-damage|p1a: Delibird|0 fnt
|faint|p1a: Delibird
|
|-weather|Hail|[upkeep]
|upkeep
|
|t:|1683815505
|switch|p1a: Chandelure|Chandelure, L82, F|233/233
|turn|11
|
|t:|1683815521
|switch|p2a: Claydol|Claydol, L86|243/243
|move|p1a: Chandelure|Calm Mind|p1a: Chandelure
|-boost|p1a: Chandelure|spa|1
|-boost|p1a: Chandelure|spd|1
|
|-weather|Hail|[upkeep]
|-damage|p1a: Chandelure|219/233|[from] Hail
|-damage|p2a: Claydol|228/243|[from] Hail
|-heal|p2a: Claydol|243/243|[from] item: Leftovers
|upkeep
|turn|12
|
|t:|1683815560
|-start|p1a: Chandelure|Dynamax|
|-heal|p1a: Chandelure|438/466|[silent]
|move|p1a: Chandelure|Max Phantasm|p2a: Claydol
|-supereffective|p2a: Claydol
|-damage|p2a: Claydol|0 fnt
|faint|p2a: Claydol
|
|-weather|Hail|[upkeep]
|-damage|p1a: Chandelure|424/466|[from] Hail
|upkeep
|
|t:|1683815572
|switch|p2a: Rapidash|Rapidash-Galar, L84, F|246/246
|-damage|p2a: Rapidash|216/246|[from] Spikes
|turn|13
|
|t:|1683815584
|switch|p2a: Vanilluxe|Vanilluxe, L82, M|215/251
|-damage|p2a: Vanilluxe|184/251|[from] Spikes
|move|p1a: Chandelure|Max Phantasm|p2a: Vanilluxe
|-crit|p2a: Vanilluxe
|-damage|p2a: Vanilluxe|0 fnt
|faint|p2a: Vanilluxe
|
|-weather|none
|upkeep
|
|t:|1683815597
|switch|p2a: Golurk|Golurk, L82|38/280
|-damage|p2a: Golurk|3/280|[from] Spikes
|turn|14
|
|t:|1683815607
|move|p1a: Chandelure|Max Flare|p2a: Golurk
|-damage|p2a: Golurk|0 fnt
|-weather|SunnyDay
|faint|p2a: Golurk
|
|-weather|SunnyDay|[upkeep]
|upkeep
|
|t:|1683815621
|switch|p2a: Rapidash|Rapidash-Galar, L84, F|216/246
|-damage|p2a: Rapidash|186/246|[from] Spikes
|-end|p1a: Chandelure|Dynamax
|-heal|p1a: Chandelure|212/233|[silent]
|turn|15
|
|t:|1683815642
|switch|p1a: Tornadus|Tornadus, L80, M|258/258
|move|p2a: Rapidash|Play Rough|p1a: Tornadus
|-damage|p1a: Tornadus|135/258
|
|-weather|SunnyDay|[upkeep]
|-heal|p2a: Rapidash|201/246|[from] item: Leftovers
|upkeep
|turn|16
|
|t:|1683815656
|move|p2a: Rapidash|Swords Dance|p2a: Rapidash
|-boost|p2a: Rapidash|atk|2
|move|p1a: Tornadus|Heat Wave|p2a: Rapidash
|-damage|p2a: Rapidash|84/246
|
|-weather|SunnyDay|[upkeep]
|-heal|p2a: Rapidash|99/246|[from] item: Leftovers
|upkeep
|turn|17
|
|t:|1683815668
|move|p2a: Rapidash|Morning Sun|p2a: Rapidash
|-heal|p2a: Rapidash|246/246
|move|p1a: Tornadus|Heat Wave|p2a: Rapidash|[miss]
|-miss|p1a: Tornadus|p2a: Rapidash
|
|-weather|SunnyDay|[upkeep]
|upkeep
|turn|18
|
|t:|1683815681
|move|p1a: Tornadus|Nasty Plot|p1a: Tornadus
|-boost|p1a: Tornadus|spa|2
|move|p2a: Rapidash|Swords Dance|p2a: Rapidash
|-boost|p2a: Rapidash|atk|2
|
|-weather|none
|upkeep
|turn|19
|
|t:|1683815693
|move|p2a: Rapidash|Play Rough|p1a: Tornadus
|-damage|p1a: Tornadus|0 fnt
|faint|p1a: Tornadus
|
|upkeep
|
|t:|1683815703
|switch|p1a: Kingler|Kingler, L84, F|230/230
|turn|20
|
|t:|1683815711
|move|p2a: Rapidash|Swords Dance|p2a: Rapidash
|-boost|p2a: Rapidash|atk|2
|move|p1a: Kingler|Liquidation|p2a: Rapidash
|-damage|p2a: Rapidash|24/246
|
|-heal|p2a: Rapidash|39/246|[from] item: Leftovers
|upkeep
|turn|21
|
|t:|1683815721
|move|p2a: Rapidash|Play Rough|p1a: Kingler
|-damage|p1a: Kingler|0 fnt
|faint|p1a: Kingler
|
|-heal|p2a: Rapidash|54/246|[from] item: Leftovers
|upkeep
|
|t:|1683815727
|switch|p1a: Gurdurr|Gurdurr, L83, F|277/277
|turn|22
|
|t:|1683815734
|move|p1a: Gurdurr|Mach Punch|p2a: Rapidash
|-resisted|p2a: Rapidash
|-damage|p2a: Rapidash|42/246
|move|p2a: Rapidash|Play Rough|p1a: Gurdurr
|-supereffective|p1a: Gurdurr
|-damage|p1a: Gurdurr|0 fnt
|faint|p1a: Gurdurr
|
|-heal|p2a: Rapidash|57/246|[from] item: Leftovers
|upkeep
|
|t:|1683815740
|switch|p1a: Chandelure|Chandelure, L82, F|212/233
|turn|23
|
|t:|1683815750
|move|p2a: Rapidash|Morning Sun|p2a: Rapidash
|-heal|p2a: Rapidash|180/246
|move|p1a: Chandelure|Shadow Ball|p2a: Rapidash
|-supereffective|p2a: Rapidash
|-damage|p2a: Rapidash|0 fnt
|faint|p2a: Rapidash
|
|upkeep
|
|t:|1683815759
|switch|p2a: Scizor|Scizor, L80, M|243/243
|-damage|p2a: Scizor|213/243|[from] Spikes
|turn|24
|
|t:|1683815775
|move|p2a: Scizor|Bullet Punch|p1a: Chandelure
|-resisted|p1a: Chandelure
|-damage|p1a: Chandelure|175/233
|move|p1a: Chandelure|Fire Blast|p2a: Scizor|[miss]
|-miss|p1a: Chandelure|p2a: Scizor
|
|-heal|p2a: Scizor|228/243|[from] item: Leftovers
|upkeep
|turn|25
|
|t:|1683815787
|move|p1a: Chandelure|Fire Blast|p2a: Scizor
|-supereffective|p2a: Scizor
|-damage|p2a: Scizor|0 fnt
|faint|p2a: Scizor
|
|win|Hilda2021
