|j|☆Dragon246
|j|☆MichaelderBeste2
|t:|1685285430
|gametype|singles
|player|p1|Dragon246|gladion-stance|
|player|p2|MichaelderBeste2|#uuplxiidols|
|teamsize|p1|6
|teamsize|p2|6
|gen|8
|tier|[Gen 8] Random Battle
|rule|Species Clause: Limit one of each Pokémon
|rule|HP Percentage Mod: HP is shown in percentages
|rule|Sleep Clause Mod: Limit one foe put to sleep
|
|t:|1685285430
|start
|switch|p1a: Boltund|Boltund, L84, F|253/253
|switch|p2a: Thievul|Thievul, L86, M|261/261
|turn|1
|c|☆MichaelderBeste2|hf
|c|☆Dragon246|u2
|inactive|Battle timer is ON: inactive players will automatically lose when time's up. (requested by MichaelderBeste2)
|
|t:|1685285463
|switch|p2a: Weezing|Weezing, L86, M|252/252
|move|p1a: Boltund|Bulk Up|p1a: Boltund
|-boost|p1a: Boltund|atk|1
|-boost|p1a: Boltund|def|1
|
|upkeep
|turn|2
|
|t:|1685285466
|move|p1a: Boltund|Psychic Fangs|p2a: Weezing
|-supereffective|p2a: Weezing
|-damage|p2a: Weezing|62/252
|move|p2a: Weezing|Toxic Spikes|p1a: Boltund
|-sidestart|p1: Dragon246|move: Toxic Spikes
|
|-heal|p2a: Weezing|77/252|[from] item: Black Sludge
|upkeep
|turn|3
|
|t:|1685285472
|switch|p2a: Marowak|Marowak, L86, M|243/243
|move|p1a: Boltund|Psychic Fangs|p2a: Marowak
|-damage|p2a: Marowak|134/243
|
|upkeep
|turn|4
|
|t:|1685285478
|-start|p1a: Boltund|Dynamax|
|-heal|p1a: Boltund|506/506|[silent]
|move|p1a: Boltund|Max Mindstorm|p2a: Marowak
|-damage|p2a: Marowak|31/243
|-fieldstart|move: Psychic Terrain
|move|p2a: Marowak|Earthquake|p1a: Boltund
|-supereffective|p1a: Boltund
|-damage|p1a: Boltund|162/506
|
|upkeep
|turn|5
|
|t:|1685285485
|move|p1a: Boltund|Max Flare|p2a: Marowak
|-damage|p2a: Marowak|0 fnt
|-weather|SunnyDay
|faint|p2a: Marowak
|
|-weather|SunnyDay|[upkeep]
|upkeep
|inactive|MichaelderBeste2 has 270 seconds left.
|inactive|MichaelderBeste2 has 240 seconds left.
|
|t:|1685285572
|switch|p2a: Kyogre|Kyogre, L72|263/263
|-weather|RainDance|[from] ability: Drizzle|[of] p2a: Kyogre
|turn|6
|
|t:|1685285587
|move|p2a: Kyogre|Water Spout|p1a: Boltund
|-damage|p1a: Boltund|0 fnt
|faint|p1a: Boltund
|
|-weather|RainDance|[upkeep]
|upkeep
|
|t:|1685285591
|switch|p1a: Roserade|Roserade, L84, F|238/238
|-sideend|p1: Dragon246|move: Toxic Spikes|[of] p1a: Roserade
|turn|7
|
|t:|1685285596
|switch|p2a: Crobat|Crobat, L82, M|274/274
|move|p1a: Roserade|Sleep Powder|p2a: Crobat
|-status|p2a: Crobat|slp|[from] move: Sleep Powder
|
|-weather|RainDance|[upkeep]
|upkeep
|turn|8
|
|t:|1685285604
|switch|p1a: Cramorant|Cramorant, L84, M|255/255
|cant|p2a: Crobat|slp
|
|-weather|RainDance|[upkeep]
|-fieldend|move: Psychic Terrain
|upkeep
|turn|9
|
|t:|1685285612
|switch|p2a: Kyogre|Kyogre, L72|263/263
|move|p1a: Cramorant|Surf|p2a: Kyogre
|-formechange|p1a: Cramorant|Cramorant-Gulping|
|-resisted|p2a: Kyogre
|-damage|p2a: Kyogre|214/263
|
|-weather|RainDance|[upkeep]
|upkeep
|turn|10
|
|t:|1685285624
|switch|p2a: Crobat|Crobat, L82, M|274/274 slp
|move|p1a: Cramorant|Brave Bird|p2a: Crobat
|-damage|p2a: Crobat|144/274 slp
|-damage|p1a: Cramorant|212/255|[from] Recoil
|
|-weather|none
|upkeep
|turn|11
|
|t:|1685285629
|cant|p2a: Crobat|slp
|move|p1a: Cramorant|Surf|p2a: Crobat
|-damage|p2a: Crobat|56/274 slp
|
|upkeep
|turn|12
|
|t:|1685285633
|-curestatus|p2a: Crobat|slp|[msg]
|move|p2a: Crobat|Roost|p2a: Crobat
|-heal|p2a: Crobat|193/274
|-singleturn|p2a: Crobat|move: Roost
|move|p1a: Cramorant|Brave Bird|p2a: Crobat
|-damage|p2a: Crobat|63/274
|-damage|p1a: Cramorant|169/255|[from] Recoil
|
|upkeep
|turn|13
|
|t:|1685285637
|move|p2a: Crobat|Roost|p2a: Crobat
|-heal|p2a: Crobat|200/274
|-singleturn|p2a: Crobat|move: Roost
|move|p1a: Cramorant|Surf|p2a: Crobat
|-damage|p2a: Crobat|107/274
|
|upkeep
|turn|14
|
|t:|1685285641
|switch|p1a: Solrock|Solrock, L88|302/302
|move|p2a: Crobat|Roost|p2a: Crobat
|-heal|p2a: Crobat|244/274
|-singleturn|p2a: Crobat|move: Roost
|
|upkeep
|turn|15
|
|t:|1685285647
|move|p2a: Crobat|U-turn|p1a: Solrock
|-supereffective|p1a: Solrock
|-damage|p1a: Solrock|220/302
|
|t:|1685285648
|switch|p2a: Thievul|Thievul, L86, M|261/261|[from] U-turn
|move|p1a: Solrock|Will-O-Wisp|p2a: Thievul
|-status|p2a: Thievul|brn
|
|-heal|p1a: Solrock|238/302|[from] item: Leftovers
|-damage|p2a: Thievul|245/261 brn|[from] brn
|upkeep
|turn|16
|
|t:|1685285652
|switch|p1a: Whimsicott|Whimsicott, L84, F|238/238
|move|p2a: Thievul|Dark Pulse|p1a: Whimsicott
|-resisted|p1a: Whimsicott
|-damage|p1a: Whimsicott|117/238
|-damage|p2a: Thievul|219/261 brn|[from] item: Life Orb
|
|-heal|p1a: Whimsicott|131/238|[from] item: Leftovers
|-damage|p2a: Thievul|203/261 brn|[from] brn
|upkeep
|turn|17
|
|t:|1685285656
|switch|p2a: Crobat|Crobat, L82, M|244/274
|move|p1a: Whimsicott|U-turn|p2a: Crobat
|-resisted|p2a: Crobat
|-crit|p2a: Crobat
|-damage|p2a: Crobat|229/274
|
|t:|1685285660
|switch|p1a: Solrock|Solrock, L88|238/302|[from] U-turn
|
|-heal|p1a: Solrock|256/302|[from] item: Leftovers
|upkeep
|turn|18
|
|t:|1685285662
|move|p2a: Crobat|U-turn|p1a: Solrock
|-supereffective|p1a: Solrock
|-damage|p1a: Solrock|174/302
|
|t:|1685285664
|switch|p2a: Thievul|Thievul, L86, M|203/261 brn|[from] U-turn
|move|p1a: Solrock|Rock Slide|p2a: Thievul
|-damage|p2a: Thievul|95/261 brn
|
|-heal|p1a: Solrock|192/302|[from] item: Leftovers
|-damage|p2a: Thievul|79/261 brn|[from] brn
|upkeep
|turn|19
|
|t:|1685285689
|switch|p1a: Whimsicott|Whimsicott, L84, F|131/238
|move|p2a: Thievul|Psychic|p1a: Whimsicott
|-damage|p1a: Whimsicott|0 fnt
|faint|p1a: Whimsicott
|-damage|p2a: Thievul|53/261 brn|[from] item: Life Orb
|
|-damage|p2a: Thievul|37/261 brn|[from] brn
|upkeep
|
|t:|1685285698
|switch|p1a: Cramorant|Cramorant, L84, M|169/255
|turn|20
|
|t:|1685285706
|switch|p2a: Crobat|Crobat, L82, M|229/274
|move|p1a: Cramorant|Roost|p1a: Cramorant
|-heal|p1a: Cramorant|255/255
|-singleturn|p1a: Cramorant|move: Roost
|
|upkeep
|turn|21
|
|t:|1685285722
|move|p2a: Crobat|Toxic|p1a: Cramorant
|-status|p1a: Cramorant|tox
|move|p1a: Cramorant|Surf|p2a: Crobat
|-formechange|p1a: Cramorant|Cramorant-Gulping|
|-damage|p2a: Crobat|129/274
|
|-damage|p1a: Cramorant|240/255 tox|[from] psn
|upkeep
|turn|22
|inactive|MichaelderBeste2 has 270 seconds left.
|
|t:|1685285765
|move|p2a: Crobat|Roost|p2a: Crobat
|-heal|p2a: Crobat|266/274
|-singleturn|p2a: Crobat|move: Roost
|move|p1a: Cramorant|Brave Bird|p2a: Crobat
|-damage|p2a: Crobat|131/274
|-damage|p1a: Cramorant|195/255 tox|[from] Recoil
|
|-damage|p1a: Cramorant|165/255 tox|[from] psn
|upkeep
|turn|23
|
|t:|1685285769
|switch|p1a: Solrock|Solrock, L88|192/302
|move|p2a: Crobat|Roost|p2a: Crobat
|-heal|p2a: Crobat|268/274
|-singleturn|p2a: Crobat|move: Roost
|
|-heal|p1a: Solrock|210/302|[from] item: Leftovers
|upkeep
|turn|24
|inactive|MichaelderBeste2 has 270 seconds left.
|
|t:|1685285782
|move|p2a: Crobat|U-turn|p1a: Solrock
|-supereffective|p1a: Solrock
|-damage|p1a: Solrock|130/302
|inactive|MichaelderBeste2 has 270 seconds left.
|
|t:|1685285794
|switch|p2a: Thievul|Thievul, L86, M|37/261 brn|[from] U-turn
|move|p1a: Solrock|Rock Slide|p2a: Thievul
|-damage|p2a: Thievul|0 fnt
|faint|p2a: Thievul
|
|-heal|p1a: Solrock|148/302|[from] item: Leftovers
|upkeep
|
|t:|1685285799
|switch|p2a: Kyogre|Kyogre, L72|214/263
|-weather|RainDance|[from] ability: Drizzle|[of] p2a: Kyogre
|turn|25
|inactive|MichaelderBeste2 has 270 seconds left.
|
|t:|1685285808
|move|p2a: Kyogre|Water Spout|p1a: Solrock
|-supereffective|p1a: Solrock
|-damage|p1a: Solrock|0 fnt
|faint|p1a: Solrock
|
|-weather|RainDance|[upkeep]
|upkeep
|
|t:|1685285813
|switch|p1a: Roserade|Roserade, L84, F|238/238
|turn|26
|inactive|MichaelderBeste2 has 270 seconds left.
|
|t:|1685285855
|switch|p2a: Mew|Mew, L80|291/291
|move|p1a: Roserade|Sleep Powder|p2a: Mew
|-status|p2a: Mew|slp|[from] move: Sleep Powder
|-enditem|p2a: Mew|Lum Berry|[eat]
|-curestatus|p2a: Mew|slp|[msg]
|
|-weather|RainDance|[upkeep]
|upkeep
|turn|27
|
|t:|1685285865
|move|p2a: Mew|Psychic Fangs|p1a: Roserade
|-supereffective|p1a: Roserade
|-damage|p1a: Roserade|14/238
|move|p1a: Roserade|Leaf Storm|p2a: Mew
|-damage|p2a: Mew|137/291
|-unboost|p1a: Roserade|spa|2
|
|-weather|RainDance|[upkeep]
|-heal|p1a: Roserade|28/238|[from] item: Black Sludge
|upkeep
|turn|28
|
|t:|1685285871
|switch|p1a: Malamar|Malamar, L80, M|269/269
|move|p2a: Mew|Psychic Fangs|p1a: Malamar
|-immune|p1a: Malamar
|
|-weather|RainDance|[upkeep]
|upkeep
|turn|29
|
|t:|1685285876
|switch|p2a: Crobat|Crobat, L82, M|268/274
|move|p1a: Malamar|Superpower|p2a: Crobat
|-resisted|p2a: Crobat
|-damage|p2a: Crobat|248/274
|-boost|p1a: Malamar|atk|1
|-boost|p1a: Malamar|def|1
|
|-weather|none
|upkeep
|turn|30
|
|t:|1685285880
|-start|p2a: Crobat|Dynamax|
|-heal|p2a: Crobat|496/548|[silent]
|move|p2a: Crobat|Max Flutterby|p1a: Malamar
|-supereffective|p1a: Malamar
|-damage|p1a: Malamar|53/269
|-boost|p1a: Malamar|spa|1
|move|p1a: Malamar|Knock Off|p2a: Crobat
|-damage|p2a: Crobat|343/548
|-enditem|p2a: Crobat|Heavy-Duty Boots|[from] move: Knock Off|[of] p1a: Malamar
|
|-heal|p1a: Malamar|69/269|[from] item: Leftovers
|upkeep
|turn|31
|
|t:|1685285895
|move|p2a: Crobat|Max Airstream|p1a: Malamar
|-damage|p1a: Malamar|0 fnt
|-boost|p2a: Crobat|spe|1
|faint|p1a: Malamar
|
|upkeep
|
|t:|1685285903
|switch|p1a: Cramorant|Cramorant, L84, M|165/255 tox
|turn|32
|c|☆Dragon246|gg
|c|☆MichaelderBeste2|gg
|
|t:|1685285921
|move|p2a: Crobat|Max Airstream|p1a: Cramorant
|-damage|p1a: Cramorant|0 fnt
|-boost|p2a: Crobat|spe|1
|faint|p1a: Cramorant
|
|upkeep
|
|t:|1685285923
|switch|p1a: Roserade|Roserade, L84, F|28/238
|-end|p2a: Crobat|Dynamax
|-heal|p2a: Crobat|172/274|[silent]
|turn|33
|
|t:|1685285940
|move|p2a: Crobat|Brave Bird|p1a: Roserade
|-supereffective|p1a: Roserade
|-damage|p1a: Roserade|0 fnt
|faint|p1a: Roserade
|-damage|p2a: Crobat|163/274|[from] Recoil
|
|win|MichaelderBeste2
|l|☆Dragon246
|l|☆MichaelderBeste2
|j|☆MichaelderBeste2
|player|p2|MichaelderBeste2|#uuplxiidols
|l|☆MichaelderBeste2
|player|p2|
|j|☆MichaelderBeste2
|player|p2|MichaelderBeste2|#uuplxiidols
