{"id": "gen8randombattle-1874761270", "p1": "fg76ty7i6uyoy67f", "p2": "sbanks456", "format": "[Gen 8] Random Battle", "log": "|j|\u2606fg76ty7i6uyoy67f\n|j|\u2606sbanks456\n|t:|1685538529\n|gametype|singles\n|player|p1|fg76ty7i6uyoy67f|265|1313\n|player|p2|sbanks456|170|1181\n|teamsize|p1|6\n|teamsize|p2|6\n|gen|8\n|tier|[Gen 8] Random Battle\n|rated|\n|rule|Species Clause: Limit one of each Pok\u00e9mon\n|rule|HP Percentage Mod: HP is shown in percentages\n|rule|Sleep Clause Mod: Limit one foe put to sleep\n|\n|t:|1685538529\n|start\n|switch|p1a: Torkoal|Torkoal, L86, M|261/261\n|switch|p2a: Accelgor|Accelgor, L86, M|278/278\n|-weather|SunnyDay|[from] ability: Drought|[of] p1a: Torkoal\n|turn|1\n|inactive|Battle timer is ON: inactive players will automatically lose when time's up. (requested by sbanks456)\n|inactive|fg76ty7i6uyoy67f also wants the timer to be on.\n|inactive|sbanks456 has 120 seconds left.\n|\n|t:|1685538564\n|move|p2a: Accelgor|Toxic|p1a: Torkoal\n|-status|p1a: Torkoal|tox\n|move|p1a: Torkoal|Rapid Spin|p2a: Accelgor\n|-damage|p2a: Accelgor|221/278\n|-boost|p1a: Torkoal|spe|1\n|\n|-weather|SunnyDay|[upkeep]\n|-damage|p1a: Torkoal|245/261 tox|[from] psn\n|upkeep\n|turn|2\n|\n|t:|1685538577\n|move|p2a: Accelgor|Bug Buzz|p1a: Torkoal\n|-resisted|p1a: Torkoal\n|-damage|p1a: Torkoal|183/261 tox\n|move|p1a: Torkoal|Rapid Spin|p2a: Accelgor\n|-damage|p2a: Accelgor|167/278\n|-boost|p1a: Torkoal|spe|1\n|\n|-weather|SunnyDay|[upkeep]\n|-damage|p1a: Torkoal|151/261 tox|[from] psn\n|upkeep\n|turn|3\n|\n|t:|1685538586\n|move|p2a: Accelgor|Sludge Bomb|p1a: Torkoal\n|-damage|p1a: Torkoal|74/261 tox\n|move|p1a: Torkoal|Lava Plume|p2a: Accelgor\n|-supereffective|p2a: Accelgor\n|-damage|p2a: Accelgor|0 fnt\n|faint|p2a: Accelgor\n|\n|-weather|SunnyDay|[upkeep]\n|-damage|p1a: Torkoal|26/261 tox|[from] psn\n|upkeep\n|\n|t:|1685538599\n|switch|p2a: Golisopod|Golisopod, L84, F|263/263\n|turn|4\n|\n|t:|1685538622\n|switch|p1a: Toxapex|Toxapex, L82, F|216/216\n|move|p2a: Golisopod|First Impression|p1a: Toxapex\n|-resisted|p1a: Toxapex\n|-damage|p1a: Toxapex|179/216\n|\n|-weather|SunnyDay|[upkeep]\n|-heal|p1a: Toxapex|192/216|[from] item: Black Sludge\n|upkeep\n|turn|5\n|\n|t:|1685538645\n|move|p2a: Golisopod|Spikes|p1a: Toxapex\n|-sidestart|p1: fg76ty7i6uyoy67f|Spikes\n|move|p1a: Toxapex|Toxic|p2a: Golisopod\n|-status|p2a: Golisopod|tox\n|\n|-weather|none\n|-heal|p1a: Toxapex|205/216|[from] item: Black Sludge\n|-damage|p2a: Golisopod|247/263 tox|[from] psn\n|upkeep\n|turn|6\n|inactive|fg76ty7i6uyoy67f has 120 seconds left.\n|\n|t:|1685538677\n|switch|p1a: Persian|Persian-Alola, L82, F|241/241\n|-damage|p1a: Persian|211/241|[from] Spikes\n|move|p2a: Golisopod|Spikes|p1a: Persian\n|-sidestart|p1: fg76ty7i6uyoy67f|Spikes\n|\n|-heal|p1a: Persian|226/241|[from] item: Leftovers\n|-damage|p2a: Golisopod|215/263 tox|[from] psn\n|upkeep\n|turn|7\n|inactive|fg76ty7i6uyoy67f has 120 seconds left.\n|\n|t:|1685538701\n|move|p1a: Persian|Thunderbolt|p2a: Golisopod\n|-supereffective|p2a: Golisopod\n|-damage|p2a: Golisopod|119/263 tox\n|-activate|p2a: Golisopod|ability: Emergency Exit\n|inactive|sbanks456 has 120 seconds left.\n|\n|t:|1685538719\n|switch|p2a: Garchomp|Garchomp, L74, F|282/282\n|\n|-heal|p1a: Persian|241/241|[from] item: Leftovers\n|upkeep\n|turn|8\n|inactive|fg76ty7i6uyoy67f has 120 seconds left.\n|\n|t:|1685538730\n|move|p1a: Persian|Hypnosis|p2a: Garchomp\n|-status|p2a: Garchomp|slp|[from] move: Hypnosis\n|-enditem|p2a: Garchomp|Lum Berry|[eat]\n|-curestatus|p2a: Garchomp|slp|[msg]\n|move|p2a: Garchomp|Swords Dance|p2a: Garchomp\n|-boost|p2a: Garchomp|atk|2\n|\n|upkeep\n|turn|9\n|\n|t:|1685538742\n|move|p1a: Persian|Hypnosis|p2a: Garchomp\n|-status|p2a: Garchomp|slp|[from] move: Hypnosis\n|cant|p2a: Garchomp|slp\n|\n|upkeep\n|turn|10\n|\n|t:|1685538754\n|move|p1a: Persian|Nasty Plot|p1a: Persian\n|-boost|p1a: Persian|spa|2\n|cant|p2a: Garchomp|slp\n|\n|upkeep\n|turn|11\n|\n|t:|1685538763\n|switch|p2a: Golisopod|Golisopod, L84, F|119/263 tox\n|move|p1a: Persian|Nasty Plot|p1a: Persian\n|-boost|p1a: Persian|spa|2\n|\n|-damage|p2a: Golisopod|103/263 tox|[from] psn\n|upkeep\n|turn|12\n|\n|t:|1685538772\n|move|p2a: Golisopod|First Impression|p1a: Persian\n|-supereffective|p1a: Persian\n|-damage|p1a: Persian|91/241\n|move|p1a: Persian|Nasty Plot|p1a: Persian\n|-boost|p1a: Persian|spa|2\n|\n|-heal|p1a: Persian|106/241|[from] item: Leftovers\n|-damage|p2a: Golisopod|71/263 tox|[from] psn\n|upkeep\n|turn|13\n|\n|t:|1685538783\n|move|p1a: Persian|Dark Pulse|p2a: Golisopod\n|-damage|p2a: Golisopod|0 fnt\n|faint|p2a: Golisopod\n|\n|-heal|p1a: Persian|121/241|[from] item: Leftovers\n|upkeep\n|\n|t:|1685538803\n|switch|p2a: Aggron|Aggron, L85, M|258/258\n|-item|p2a: Aggron|Air Balloon\n|turn|14\n|inactive|fg76ty7i6uyoy67f has 120 seconds left.\n|\n|t:|1685538840\n|move|p1a: Persian|Dark Pulse|p2a: Aggron\n|-damage|p2a: Aggron|0 fnt\n|-enditem|p2a: Aggron|Air Balloon\n|faint|p2a: Aggron\n|\n|-heal|p1a: Persian|136/241|[from] item: Leftovers\n|upkeep\n|inactive|sbanks456 has 120 seconds left.\n|\n|t:|1685538851\n|switch|p2a: Quagsire|Quagsire, L84, F|297/297\n|turn|15\n|c|\u2606fg76ty7i6uyoy67f|i wanna apologise for landing back to back hypnosis\n|c|\u2606sbanks456|haha\n|inactive|fg76ty7i6uyoy67f has 120 seconds left.\n|\n|t:|1685538868\n|move|p1a: Persian|Hypnosis|p2a: Quagsire\n|-message|Sleep Clause Mod activated.\n|-hint|Sleep Clause Mod prevents players from putting more than one of their opponent's Pok\u00e9mon to sleep at a time\n|move|p2a: Quagsire|Toxic|p1a: Persian|[miss]\n|-miss|p2a: Quagsire|p1a: Persian\n|\n|-heal|p1a: Persian|151/241|[from] item: Leftovers\n|upkeep\n|turn|16\n|c|\u2606sbanks456|yeah idk how that happened but it is what it is\n|inactive|fg76ty7i6uyoy67f has 120 seconds left.\n|c|\u2606fg76ty7i6uyoy67f|damn forgot about that clause\n|c|\u2606fg76ty7i6uyoy67f|wouldve been 3 lmao\n|\n|t:|1685538888\n|move|p1a: Persian|Dark Pulse|p2a: Quagsire\n|-damage|p2a: Quagsire|216/297\n|move|p2a: Quagsire|Toxic|p1a: Persian\n|-status|p1a: Persian|tox\n|\n|-heal|p1a: Persian|166/241 tox|[from] item: Leftovers\n|-heal|p2a: Quagsire|234/297|[from] item: Leftovers\n|-damage|p1a: Persian|151/241 tox|[from] psn\n|upkeep\n|turn|17\n|c|\u2606sbanks456|why was that dark pulse so weak\n|inactive|sbanks456 has 120 seconds left.\n|c|\u2606fg76ty7i6uyoy67f|unaware ability\n|\n|t:|1685538914\n|move|p1a: Persian|Dark Pulse|p2a: Quagsire\n|-damage|p2a: Quagsire|147/297\n|cant|p2a: Quagsire|flinch\n|\n|-heal|p1a: Persian|166/241 tox|[from] item: Leftovers\n|-heal|p2a: Quagsire|165/297|[from] item: Leftovers\n|-damage|p1a: Persian|136/241 tox|[from] psn\n|upkeep\n|turn|18\n|c|\u2606fg76ty7i6uyoy67f|ignores stat changes\n|inactive|sbanks456 has 120 seconds left.\n|c|\u2606sbanks456|ohh\n|c|\u2606fg76ty7i6uyoy67f|makes quagsire not so shit\n|c|\u2606sbanks456|not played the actual game in a few years haha\n|inactive|sbanks456 has 90 seconds left.\n|\n|t:|1685538954\n|move|p1a: Persian|Dark Pulse|p2a: Quagsire\n|-damage|p2a: Quagsire|83/297\n|move|p2a: Quagsire|Scald|p1a: Persian\n|-damage|p1a: Persian|61/241 tox\n|\n|-heal|p1a: Persian|76/241 tox|[from] item: Leftovers\n|-heal|p2a: Quagsire|101/297|[from] item: Leftovers\n|-damage|p1a: Persian|31/241 tox|[from] psn\n|upkeep\n|turn|19\n|c|\u2606fg76ty7i6uyoy67f|haha yeah fair i only just got back into it\n|inactive|fg76ty7i6uyoy67f has 120 seconds left.\n|inactive|sbanks456 has 90 seconds left.\n|\n|t:|1685538964\n|move|p1a: Persian|Dark Pulse|p2a: Quagsire\n|-crit|p2a: Quagsire\n|-damage|p2a: Quagsire|0 fnt\n|faint|p2a: Quagsire\n|\n|-heal|p1a: Persian|46/241 tox|[from] item: Leftovers\n|-damage|p1a: Persian|0 fnt|[from] psn\n|faint|p1a: Persian\n|upkeep\n|inactive|fg76ty7i6uyoy67f has 120 seconds left.\n|c|\u2606sbanks456|the crittt\n|inactive|sbanks456 has 90 seconds left.\n|c|\u2606fg76ty7i6uyoy67f|very lucky this game\n|\n|t:|1685538982\n|switch|p1a: Toxapex|Toxapex, L82, F|216/216\n|switch|p2a: Garchomp|Garchomp, L74, F|282/282 slp\n|-damage|p1a: Toxapex|180/216|[from] Spikes\n|turn|20\n|c|\u2606sbanks456|i was gonna recover hahaha\n|inactive|sbanks456 has 90 seconds left.\n|\n|t:|1685538993\n|-curestatus|p2a: Garchomp|slp|[msg]\n|move|p2a: Garchomp|Earthquake|p1a: Toxapex\n|-supereffective|p1a: Toxapex\n|-damage|p1a: Toxapex|46/216\n|move|p1a: Toxapex|Scald|p2a: Garchomp\n|-damage|p2a: Garchomp|225/282\n|\n|-heal|p1a: Toxapex|59/216|[from] item: Black Sludge\n|upkeep\n|turn|21\n|inactive|fg76ty7i6uyoy67f has 120 seconds left.\n|\n|t:|1685539008\n|switch|p1a: Lunatone|Lunatone, L86|295/295\n|move|p2a: Garchomp|Swords Dance|p2a: Garchomp\n|-boost|p2a: Garchomp|atk|2\n|\n|upkeep\n|turn|22\n|inactive|fg76ty7i6uyoy67f has 120 seconds left.\n|\n|t:|1685539018\n|move|p2a: Garchomp|Swords Dance|p2a: Garchomp\n|-boost|p2a: Garchomp|atk|2\n|move|p1a: Lunatone|Moonblast|p2a: Garchomp\n|-supereffective|p2a: Garchomp\n|-crit|p2a: Garchomp\n|-damage|p2a: Garchomp|0 fnt\n|faint|p2a: Garchomp\n|-damage|p1a: Lunatone|266/295|[from] item: Life Orb\n|\n|upkeep\n|c|\u2606sbanks456|ah shit yea\n|c|\u2606fg76ty7i6uyoy67f|omg another crit\n|inactive|sbanks456 has 90 seconds left.\n|c|\u2606sbanks456|oversight\n|\n|t:|1685539031\n|switch|p2a: Metagross|Metagross, L79|256/256\n|turn|23\n|\n|t:|1685539045\n|switch|p1a: Slowbro|Slowbro, L84, F|297/297\n|-damage|p1a: Slowbro|248/297|[from] Spikes\n|move|p2a: Metagross|Agility|p2a: Metagross\n|-boost|p2a: Metagross|spe|2\n|\n|-heal|p1a: Slowbro|266/297|[from] item: Leftovers\n|upkeep\n|turn|24\n|\n|t:|1685539062\n|move|p2a: Metagross|Thunder Punch|p1a: Slowbro\n|-supereffective|p1a: Slowbro\n|-damage|p1a: Slowbro|152/297\n|move|p1a: Slowbro|Slack Off|p1a: Slowbro\n|-heal|p1a: Slowbro|297/297\n|\n|upkeep\n|turn|25\n|\n|t:|1685539075\n|-start|p2a: Metagross|Dynamax|\n|-heal|p2a: Metagross|512/512|[silent]\n|move|p2a: Metagross|Max Lightning|p1a: Slowbro\n|-supereffective|p1a: Slowbro\n|-damage|p1a: Slowbro|113/297\n|-fieldstart|move: Electric Terrain\n|move|p1a: Slowbro|Scald|p2a: Metagross\n|-damage|p2a: Metagross|424/512\n|\n|-heal|p1a: Slowbro|131/297|[from] item: Leftovers\n|upkeep\n|turn|26\n|\n|t:|1685539087\n|switch|p1a: Palossand|Palossand, L86, F|286/286\n|-damage|p1a: Palossand|239/286|[from] Spikes\n|move|p2a: Metagross|Max Lightning|p1a: Palossand\n|-immune|p1a: Palossand\n|\n|-heal|p1a: Palossand|256/286|[from] item: Leftovers\n|upkeep\n|turn|27\n|inactive|sbanks456 has 90 seconds left.\n|\n|t:|1685539105\n|switch|p1a: Slowbro|Slowbro, L84, F|230/297\n|-damage|p1a: Slowbro|181/297|[from] Spikes\n|move|p2a: Metagross|Max Quake|p1a: Slowbro\n|-damage|p1a: Slowbro|87/297\n|-boost|p2a: Metagross|spd|1\n|\n|-heal|p1a: Slowbro|105/297|[from] item: Leftovers\n|upkeep\n|-end|p2a: Metagross|Dynamax\n|-heal|p2a: Metagross|212/256|[silent]\n|turn|28\n|inactive|sbanks456 has 90 seconds left.\n|\n|t:|1685539120\n|switch|p1a: Torkoal|Torkoal, L86, M|26/261 tox\n|-weather|SunnyDay|[from] ability: Drought|[of] p1a: Torkoal\n|move|p2a: Metagross|Meteor Mash|p1a: Torkoal\n|-resisted|p1a: Torkoal\n|-damage|p1a: Torkoal|0 fnt\n|faint|p1a: Torkoal\n|\n|-weather|SunnyDay|[upkeep]\n|upkeep\n|inactive|fg76ty7i6uyoy67f has 120 seconds left.\n|\n|t:|1685539136\n|switch|p1a: Toxapex|Toxapex, L82, F|131/216\n|-damage|p1a: Toxapex|95/216|[from] Spikes\n|turn|29\n|\n|t:|1685539147\n|switch|p1a: Palossand|Palossand, L86, F|256/286\n|-damage|p1a: Palossand|209/286|[from] Spikes\n|move|p2a: Metagross|Meteor Mash|p1a: Palossand\n|-damage|p1a: Palossand|122/286\n|-boost|p2a: Metagross|atk|1\n|\n|-weather|SunnyDay|[upkeep]\n|-heal|p1a: Palossand|139/286|[from] item: Leftovers\n|-fieldend|move: Electric Terrain\n|upkeep\n|turn|30\n|inactive|fg76ty7i6uyoy67f has 120 seconds left.\n|\n|t:|1685539164\n|move|p2a: Metagross|Meteor Mash|p1a: Palossand\n|-damage|p1a: Palossand|6/286\n|-boost|p2a: Metagross|atk|1\n|move|p1a: Palossand|Earth Power|p2a: Metagross\n|-supereffective|p2a: Metagross\n|-damage|p2a: Metagross|66/256\n|-enditem|p2a: Metagross|Weakness Policy\n|-boost|p2a: Metagross|atk|2|[from] item: Weakness Policy\n|-boost|p2a: Metagross|spa|2|[from] item: Weakness Policy\n|\n|-weather|SunnyDay|[upkeep]\n|-heal|p1a: Palossand|23/286|[from] item: Leftovers\n|upkeep\n|turn|31\n|inactive|fg76ty7i6uyoy67f has 120 seconds left.\n|c|\u2606fg76ty7i6uyoy67f|oh my god\n|\n|t:|1685539182\n|move|p2a: Metagross|Meteor Mash|p1a: Palossand\n|-damage|p1a: Palossand|0 fnt\n|faint|p1a: Palossand\n|\n|-weather|SunnyDay|[upkeep]\n|upkeep\n|c|\u2606sbanks456|gonna be close\n|c|\u2606sbanks456|think you might take it\n|\n|t:|1685539199\n|switch|p1a: Toxapex|Toxapex, L82, F|167/216\n|-damage|p1a: Toxapex|131/216|[from] Spikes\n|turn|32\n|c|\u2606fg76ty7i6uyoy67f|this is scary\n|\n|t:|1685539220\n|switch|p1a: Lunatone|Lunatone, L86|266/295\n|move|p2a: Metagross|Earthquake|p1a: Lunatone\n|-immune|p1a: Lunatone|[from] ability: Levitate\n|\n|-weather|none\n|upkeep\n|turn|33\n|c|\u2606sbanks456|fuck\n|c|\u2606sbanks456|i knew it\n|\n|t:|1685539230\n|move|p2a: Metagross|Meteor Mash|p1a: Lunatone\n|-supereffective|p1a: Lunatone\n|-damage|p1a: Lunatone|0 fnt\n|faint|p1a: Lunatone\n|\n|upkeep\n|\n|t:|1685539236\n|switch|p1a: Toxapex|Toxapex, L82, F|203/216\n|-damage|p1a: Toxapex|167/216|[from] Spikes\n|turn|34\n|c|\u2606sbanks456|cmon\n|c|\u2606sbanks456|regenerator crew\n|c|\u2606fg76ty7i6uyoy67f|think ive lost\n|\n|t:|1685539246\n|move|p2a: Metagross|Earthquake|p1a: Toxapex\n|-supereffective|p1a: Toxapex\n|-damage|p1a: Toxapex|0 fnt\n|faint|p1a: Toxapex\n|\n|upkeep\n|c|\u2606fg76ty7i6uyoy67f|fuck yeah gg\n|inactive|fg76ty7i6uyoy67f has 120 seconds left.\n|c|\u2606fg76ty7i6uyoy67f|needed to hit a haze\n|c|\u2606sbanks456|ggs bro\n|\n|t:|1685539254\n|switch|p1a: Slowbro|Slowbro, L84, F|204/297\n|-damage|p1a: Slowbro|155/297|[from] Spikes\n|turn|35\n|\n|t:|1685539259\n|move|p2a: Metagross|Thunder Punch|p1a: Slowbro\n|-supereffective|p1a: Slowbro\n|-damage|p1a: Slowbro|0 fnt\n|faint|p1a: Slowbro\n|\n|win|sbanks456\n|raw|fg76ty7i6uyoy67f's rating: 1313 &rarr; <strong>1286</strong><br />(-27 for losing)\n|raw|sbanks456's rating: 1181 &rarr; <strong>1215</strong><br />(+34 for winning)\n|l|\u2606fg76ty7i6uyoy67f\n", "inputlog": ">version d94486096666f9f03053a01e17a1c7fdbd408dfa\n>start {\"formatid\":\"gen8randombattle\",\"seed\":[37451,6588,57113,62924],\"rated\":\"Rated battle\"}\n>player p1 {\"name\":\"fg76ty7i6uyoy67f\",\"avatar\":\"265\",\"rating\":1313,\"seed\":[64679,32738,33367,64049]}\n>player p2 {\"name\":\"sbanks456\",\"avatar\":\"170\",\"rating\":1181,\"seed\":[63142,56155,11633,44697]}\n>p1 move rapidspin\n>p2 move toxic\n>p1 move rapidspin\n>p2 move bugbuzz\n>p1 move lavaplume\n>p2 move sludgebomb\n>p2 switch 2\n>p1 switch 6\n>p2 move firstimpression\n>p1 move toxic\n>p2 move spikes\n>p1 switch 4\n>p2 move spikes\n>p1 move thunderbolt\n>p2 move leechlife\n>p2 switch 3\n>p1 move hypnosis\n>p2 move swordsdance\n>p1 move hypnosis\n>p2 move outrage\n>p1 move nastyplot\n>p2 move outrage\n>p1 move nastyplot\n>p2 switch 3\n>p1 move nastyplot\n>p2 move firstimpression\n>p1 move darkpulse\n>p2 move leechlife\n>p2 switch 6\n>p1 move darkpulse\n>p2 move headsmash\n>p2 switch 5\n>chat \u2606fg76ty7i6uyoy67f|i wanna apologise for landing back to back hypnosis\n>chat \u2606sbanks456|haha\n>p1 move hypnosis\n>p2 move toxic\n>chat \u2606sbanks456|yeah idk how that happened but it is what it is\n>chat \u2606fg76ty7i6uyoy67f|damn forgot about that clause\n>chat \u2606fg76ty7i6uyoy67f|wouldve been 3 lmao\n>p1 move darkpulse\n>p2 move toxic\n>chat \u2606sbanks456|why was that dark pulse so weak\n>p1 move darkpulse\n>p2 move earthquake\n>chat \u2606fg76ty7i6uyoy67f|unaware ability\n>chat \u2606fg76ty7i6uyoy67f|ignores stat changes\n>chat \u2606sbanks456|ohh\n>chat \u2606fg76ty7i6uyoy67f|makes quagsire not so shit\n>chat \u2606sbanks456|not played the actual game in a few years haha\n>p1 move darkpulse\n>p2 move scald\n>chat \u2606fg76ty7i6uyoy67f|haha yeah fair i only just got back into it\n>p1 move darkpulse\n>p2 move recover\n>chat \u2606sbanks456|the crittt\n>chat \u2606fg76ty7i6uyoy67f|very lucky this game\n>p1 switch 4\n>p2 switch 3\n>chat \u2606sbanks456|i was gonna recover hahaha\n>p1 move scald\n>p2 move earthquake\n>p1 switch 2\n>p2 move swordsdance\n>p1 move moonblast\n>p2 move swordsdance\n>chat \u2606sbanks456|ah shit yea\n>chat \u2606fg76ty7i6uyoy67f|omg another crit\n>chat \u2606sbanks456|oversight\n>p2 switch 4\n>p1 switch 3\n>p2 move agility\n>p1 move slackoff\n>p2 move thunderpunch\n>p1 move scald\n>p2 move thunderpunch dynamax\n>p1 switch 5\n>p2 move thunderpunch dynamax\n>p1 switch 5\n>p2 move earthquake dynamax\n>p1 switch 6\n>p2 move meteormash\n>p1 switch 2\n>p1 switch 5\n>p2 move meteormash\n>p1 move earthpower\n>p2 move meteormash\n>chat \u2606fg76ty7i6uyoy67f|oh my god\n>p1 move earthpower\n>p2 move meteormash\n>chat \u2606sbanks456|gonna be close\n>chat \u2606sbanks456|think you might take it\n>p1 switch 5\n>chat \u2606fg76ty7i6uyoy67f|this is scary\n>p1 switch 3\n>p2 move earthquake\n>chat \u2606sbanks456|fuck\n>chat \u2606sbanks456|i knew it\n>p1 move powergem\n>p2 move meteormash\n>p1 switch 3\n>chat \u2606sbanks456|cmon\n>chat \u2606sbanks456|regenerator crew\n>chat \u2606fg76ty7i6uyoy67f|think ive lost\n>p1 move haze\n>p2 move earthquake\n>chat \u2606fg76ty7i6uyoy67f|fuck yeah gg\n>chat \u2606fg76ty7i6uyoy67f|needed to hit a haze\n>chat \u2606sbanks456|ggs bro\n>p1 switch 6\n>p1 move scald\n>p2 move thunderpunch", "uploadtime": 1685539273, "views": 3, "p1id": "fg76ty7i6uyoy67f", "p2id": "sbanks456", "formatid": "gen8randombattle", "rating": 1215, "private": 0, "password": ""}