{"id": "gen8randombattle-1873494276", "p1": "NasaKhatarnak1", "p2": "sash63", "format": "[Gen 8] Random Battle", "log": "|j|\u203dNasaKhatarnak1\n|j|\u2606sash63\n|t:|1685383046\n|gametype|singles\n|player|p1|NasaKhatarnak1|170|1000\n|player|p2|sash63|red|1065\n|teamsize|p1|6\n|teamsize|p2|6\n|gen|8\n|tier|[Gen 8] Random Battle\n|rated|\n|rule|Species Clause: Limit one of each Pok\u00e9mon\n|rule|HP Percentage Mod: HP is shown in percentages\n|rule|Sleep Clause Mod: Limit one foe put to sleep\n|\n|t:|1685383046\n|start\n|switch|p1a: Hitmonchan|Hitmonchan, L86, M|226/226\n|switch|p2a: Tapu Koko|Tapu Koko, L78|237/237\n|-fieldstart|move: Electric Terrain|[from] ability: Electric Surge|[of] p2a: Tapu Koko\n|turn|1\n|\n|t:|1685383054\n|switch|p1a: Solrock|Solrock, L88|302/302\n|move|p2a: Tapu Koko|Dazzling Gleam|p1a: Solrock\n|-damage|p1a: Solrock|179/302\n|\n|-heal|p1a: Solrock|197/302|[from] item: Leftovers\n|upkeep\n|turn|2\n|\n|t:|1685383063\n|switch|p2a: Cofagrigus|Cofagrigus, L86, M|240/240\n|move|p1a: Solrock|Stealth Rock|p2a: Cofagrigus\n|-sidestart|p2: sash63|move: Stealth Rock\n|\n|-heal|p1a: Solrock|215/302|[from] item: Leftovers\n|upkeep\n|turn|3\n|\n|t:|1685383070\n|move|p1a: Solrock|Will-O-Wisp|p2a: Cofagrigus\n|-status|p2a: Cofagrigus|brn\n|move|p2a: Cofagrigus|Shadow Ball|p1a: Solrock\n|-supereffective|p1a: Solrock\n|-damage|p1a: Solrock|21/302\n|\n|-heal|p1a: Solrock|39/302|[from] item: Leftovers\n|-damage|p2a: Cofagrigus|225/240 brn|[from] brn\n|upkeep\n|turn|4\n|\n|t:|1685383087\n|switch|p1a: Togekiss|Togekiss, L80, F|267/267\n|move|p2a: Cofagrigus|Shadow Ball|p1a: Togekiss\n|-damage|p1a: Togekiss|186/267\n|\n|-heal|p2a: Cofagrigus|240/240 brn|[from] item: Leftovers\n|-damage|p2a: Cofagrigus|225/240 brn|[from] brn\n|upkeep\n|turn|5\n|\n|t:|1685383101\n|move|p1a: Togekiss|Nasty Plot|p1a: Togekiss\n|-boost|p1a: Togekiss|spa|2\n|move|p2a: Cofagrigus|Shadow Ball|p1a: Togekiss\n|-damage|p1a: Togekiss|113/267\n|\n|-heal|p2a: Cofagrigus|240/240 brn|[from] item: Leftovers\n|-damage|p2a: Cofagrigus|225/240 brn|[from] brn\n|-fieldend|move: Electric Terrain\n|upkeep\n|turn|6\n|\n|t:|1685383104\n|move|p1a: Togekiss|Roost|p1a: Togekiss\n|-heal|p1a: Togekiss|247/267\n|-singleturn|p1a: Togekiss|move: Roost\n|move|p2a: Cofagrigus|Shadow Ball|p1a: Togekiss\n|-damage|p1a: Togekiss|178/267\n|\n|-heal|p2a: Cofagrigus|240/240 brn|[from] item: Leftovers\n|-damage|p2a: Cofagrigus|225/240 brn|[from] brn\n|upkeep\n|turn|7\n|\n|t:|1685383107\n|move|p1a: Togekiss|Nasty Plot|p1a: Togekiss\n|-boost|p1a: Togekiss|spa|2\n|move|p2a: Cofagrigus|Memento|p1a: Togekiss\n|-unboost|p1a: Togekiss|atk|2\n|-unboost|p1a: Togekiss|spa|2\n|faint|p2a: Cofagrigus\n|\n|upkeep\n|\n|t:|1685383109\n|switch|p2a: Tapu Koko|Tapu Koko, L78|237/237\n|-damage|p2a: Tapu Koko|208/237|[from] Stealth Rock\n|-fieldstart|move: Electric Terrain|[from] ability: Electric Surge|[of] p2a: Tapu Koko\n|turn|8\n|\n|t:|1685383113\n|-start|p1a: Togekiss|Dynamax|\n|-heal|p1a: Togekiss|356/534|[silent]\n|move|p2a: Tapu Koko|Thunderbolt|p1a: Togekiss\n|-supereffective|p1a: Togekiss\n|-damage|p1a: Togekiss|78/534\n|move|p1a: Togekiss|Max Airstream|p2a: Tapu Koko\n|-resisted|p2a: Tapu Koko\n|-damage|p2a: Tapu Koko|27/237\n|-boost|p1a: Togekiss|spe|1\n|\n|upkeep\n|turn|9\n|\n|t:|1685383119\n|move|p1a: Togekiss|Max Airstream|p2a: Tapu Koko\n|-resisted|p2a: Tapu Koko\n|-damage|p2a: Tapu Koko|0 fnt\n|-boost|p1a: Togekiss|spe|1\n|faint|p2a: Tapu Koko\n|\n|upkeep\n|-message|sash63 forfeited.\n|\n|win|NasaKhatarnak1\n|raw|NasaKhatarnak1's rating: 1000 &rarr; <strong>1047</strong><br />(+47 for winning)\n|raw|sash63's rating: 1065 &rarr; <strong>1042</strong><br />(-23 for losing)\n|l|\u2606sash63\n", "inputlog": ">version 6fec31d5a0d4498a06105aa188c9906bc0b6bf95\n>start {\"formatid\":\"gen8randombattle\",\"seed\":[42154,13947,56810,61581],\"rated\":\"Rated battle\"}\n>player p1 {\"name\":\"NasaKhatarnak1\",\"avatar\":\"170\",\"rating\":1000,\"seed\":[6200,51418,50221,28045]}\n>player p2 {\"name\":\"sash63\",\"avatar\":\"red\",\"rating\":1065,\"seed\":[16813,2287,62694,27047]}\n>p1 switch 3\n>p2 move dazzlinggleam\n>p1 move stealthrock\n>p2 switch 2\n>p1 move willowisp\n>p2 move shadowball\n>p1 switch 2\n>p2 move shadowball\n>p1 move nastyplot\n>p2 move shadowball\n>p1 move roost\n>p2 move shadowball\n>p1 move nastyplot\n>p2 move memento\n>p2 switch 2\n>p1 move airslash dynamax\n>p2 move thunderbolt\n>p1 move airslash dynamax\n>p2 move thunderbolt\n>forcelose p2", "uploadtime": 1685383126, "views": 4, "p1id": "nasakhatarnak1", "p2id": "sash63", "formatid": "gen8randombattle", "rating": 1042, "private": 0, "password": ""}