|j|☆babbabooie
|j|‽norespectwtsvr
|t:|1685522908
|gametype|singles
|player|p1|babbabooie|265|1575
|player|p2|norespectwtsvr|101|1571
|teamsize|p1|6
|teamsize|p2|6
|gen|8
|tier|[Gen 8] Random Battle
|rated|
|rule|Species Clause: Limit one of each Pokémon
|rule|HP Percentage Mod: HP is shown in percentages
|rule|Sleep Clause Mod: Limit one foe put to sleep
|
|t:|1685522908
|start
|switch|p1a: Rapidash|Rapidash-Galar, L84, F|246/246
|switch|p2a: Turtonator|Turtonator, L84, M|238/238
|turn|1
|inactive|Battle timer is ON: inactive players will automatically lose when time's up. (requested by babbabooie)
|inactive|norespectwtsvr also wants the timer to be on.
|
|t:|1685522927
|switch|p1a: Lickilicky|Lickilicky, L86, F|329/329
|switch|p2a: Scizor|Scizor, L80, F|243/243
|
|upkeep
|turn|2
|
|t:|1685522945
|-start|p2a: Scizor|Dynamax|
|-heal|p2a: Scizor|486/486|[silent]
|move|p2a: Scizor|Max Knuckle|p1a: Lickilicky
|-supereffective|p1a: Lickilicky
|-damage|p1a: Lickilicky|181/329
|-boost|p2a: Scizor|atk|1
|move|p1a: Lickilicky|Swords Dance|p1a: Lickilicky
|-boost|p1a: Lickilicky|atk|2
|
|-heal|p1a: Lickilicky|201/329|[from] item: Leftovers
|upkeep
|turn|3
|
|t:|1685522954
|-start|p1a: Lickilicky|Dynamax|
|-heal|p1a: Lickilicky|402/658|[silent]
|move|p1a: Lickilicky|Max Guard|p1a: Lickilicky
|-singleturn|p1a: Lickilicky|Max Guard
|move|p2a: Scizor|Max Knuckle|p1a: Lickilicky
|-activate|p1a: Lickilicky|move: Max Guard
|
|-heal|p1a: Lickilicky|422/658|[from] item: Leftovers
|upkeep
|turn|4
|
|t:|1685522960
|move|p2a: Scizor|Max Knuckle|p1a: Lickilicky
|-supereffective|p1a: Lickilicky
|-damage|p1a: Lickilicky|196/658
|-boost|p2a: Scizor|atk|1
|move|p1a: Lickilicky|Max Strike|p2a: Scizor
|-resisted|p2a: Scizor
|-damage|p2a: Scizor|332/486
|-unboost|p2a: Scizor|spe|1
|
|-heal|p1a: Lickilicky|216/658|[from] item: Leftovers
|upkeep
|-end|p2a: Scizor|Dynamax
|-heal|p2a: Scizor|166/243|[silent]
|turn|5
|
|t:|1685522989
|move|p2a: Scizor|Bullet Punch|p1a: Lickilicky
|-damage|p1a: Lickilicky|27/658
|move|p1a: Lickilicky|Max Quake|p2a: Scizor
|-crit|p2a: Scizor
|-damage|p2a: Scizor|0 fnt
|-boost|p1a: Lickilicky|spd|1
|faint|p2a: Scizor
|
|-heal|p1a: Lickilicky|47/658|[from] item: Leftovers
|upkeep
|
|t:|1685523009
|switch|p2a: Sawk|Sawk, L86, M|269/269
|-end|p1a: Lickilicky|Dynamax
|-heal|p1a: Lickilicky|24/329|[silent]
|turn|6
|inactive|babbabooie has 120 seconds left.
|
|t:|1685523040
|switch|p1a: Rapidash|Rapidash-Galar, L84, F|246/246
|move|p2a: Sawk|Poison Jab|p1a: Rapidash
|-supereffective|p1a: Rapidash
|-damage|p1a: Rapidash|70/246
|
|-heal|p1a: Rapidash|85/246|[from] item: Leftovers
|upkeep
|turn|7
|
|t:|1685523053
|move|p2a: Sawk|Poison Jab|p1a: Rapidash
|-supereffective|p1a: Rapidash
|-damage|p1a: Rapidash|0 fnt
|faint|p1a: Rapidash
|
|upkeep
|
|t:|1685523067
|switch|p1a: Sandslash|Sandslash-Alola, L86, M|269/269
|turn|8
|
|t:|1685523071
|switch|p2a: Turtonator|Turtonator, L84, M|238/238
|move|p1a: Sandslash|Swords Dance|p1a: Sandslash
|-boost|p1a: Sandslash|atk|2
|
|upkeep
|turn|9
|
|t:|1685523076
|move|p1a: Sandslash|Triple Axel|p2a: Turtonator
|-damage|p2a: Turtonator|198/238
|-damage|p2a: Turtonator|104/238
|-damage|p2a: Turtonator|0 fnt
|faint|p2a: Turtonator
|-hitcount|p2: Turtonator|3
|-damage|p1a: Sandslash|243/269|[from] item: Life Orb
|
|upkeep
|
|t:|1685523078
|switch|p2a: Sawk|Sawk, L86, M|269/269
|turn|10
|inactive|babbabooie has 120 seconds left.
|
|t:|1685523101
|switch|p1a: Slurpuff|Slurpuff, L80, M|262/262
|move|p2a: Sawk|Close Combat|p1a: Slurpuff
|-resisted|p1a: Slurpuff
|-damage|p1a: Slurpuff|175/262
|-unboost|p2a: Sawk|def|1
|-unboost|p2a: Sawk|spd|1
|
|upkeep
|turn|11
|
|t:|1685523109
|move|p2a: Sawk|Close Combat|p1a: Slurpuff
|-resisted|p1a: Slurpuff
|-damage|p1a: Slurpuff|83/262
|-unboost|p2a: Sawk|def|1
|-unboost|p2a: Sawk|spd|1
|-enditem|p1a: Slurpuff|Sitrus Berry|[eat]
|-heal|p1a: Slurpuff|148/262|[from] item: Sitrus Berry
|move|p1a: Slurpuff|Belly Drum|p1a: Slurpuff
|-damage|p1a: Slurpuff|17/262
|-setboost|p1a: Slurpuff|atk|6|[from] move: Belly Drum
|
|upkeep
|turn|12
|
|t:|1685523123
|switch|p2a: Aromatisse|Aromatisse, L88, F|321/321
|move|p1a: Slurpuff|Drain Punch|p2a: Aromatisse
|-resisted|p2a: Aromatisse
|-damage|p2a: Aromatisse|229/321
|-heal|p1a: Slurpuff|63/262|[from] drain|[of] p2a: Aromatisse
|
|-heal|p2a: Aromatisse|249/321|[from] item: Leftovers
|upkeep
|turn|13
|
|t:|1685523133
|move|p1a: Slurpuff|Play Rough|p2a: Aromatisse
|-crit|p2a: Aromatisse
|-damage|p2a: Aromatisse|0 fnt
|faint|p2a: Aromatisse
|
|upkeep
|
|t:|1685523137
|switch|p2a: Omastar|Omastar, L82, F|249/249
|turn|14
|
|t:|1685523145
|move|p1a: Slurpuff|Drain Punch|p2a: Omastar
|-supereffective|p2a: Omastar
|-damage|p2a: Omastar|0 fnt
|-heal|p1a: Slurpuff|188/262|[from] drain|[of] p2a: Omastar
|faint|p2a: Omastar
|
|upkeep
|inactive|norespectwtsvr has 120 seconds left.
|inactive|norespectwtsvr has 90 seconds left.
|inactive|norespectwtsvr no longer wants the timer on, but the timer is staying on because babbabooie still does.
|c|☆babbabooie|seethinh
|inactive|norespectwtsvr has 60 seconds left.
|inactive|norespectwtsvr has 30 seconds left.
|inactive|norespectwtsvr has 20 seconds left.
|inactive|norespectwtsvr has 15 seconds left.
|inactive|norespectwtsvr has 10 seconds left.
|inactive|norespectwtsvr has 5 seconds left.
|-message|norespectwtsvr lost due to inactivity.
|
|win|babbabooie
|raw|babbabooie's rating: 1575 &rarr; <strong>1595</strong><br />(+20 for winning)
|raw|norespectwtsvr's rating: 1571 &rarr; <strong>1551</strong><br />(-20 for losing)
|c|☆babbabooie|damn he salty
|l|‽norespectwtsvr
|c|☆babbabooie|even try to stop the timer
|c|☆babbabooie|cant stop the puff
