{"id": "gen8randombattle-1197381786", "p1": "MichaelderBeste2", "p2": "Lycandusk", "format": "[Gen 8] Random Battle", "log": "|j|\u2606MichaelderBeste2\n|j|\u2606Lycandusk\n|t:|1601755193\n|player|p1|MichaelderBeste2|steven|2502\n|player|p2|Lycandusk|hexmaniac-gen3|2383\n|teamsize|p1|6\n|teamsize|p2|6\n|gametype|singles\n|gen|8\n|tier|[Gen 8] Random Battle\n|rated|\n|rule|Species Clause: Limit one of each Pok\u00e9mon\n|rule|HP Percentage Mod: HP is shown in percentages\n|rule|Sleep Clause Mod: Limit one foe put to sleep\n|\n|t:|1601755193\n|start\n|switch|p1a: Politoed|Politoed, L82, F|282/282\n|switch|p2a: Vaporeon|Vaporeon, L84, F|356/356\n|-weather|RainDance|[from] ability: Drizzle|[of] p1a: Politoed\n|turn|1\n|c|\u2606MichaelderBeste2|the highest gxe match\n|c|\u2606MichaelderBeste2|hf\n|c|\u2606Lycandusk|!\n|c|\u2606Lycandusk|gl\n|\n|t:|1601755224\n|switch|p2a: Celebi|Celebi, L82|298/298\n|move|p1a: Politoed|Toxic|p2a: Celebi|[miss]\n|-miss|p1a: Politoed|p2a: Celebi\n|\n|-weather|RainDance|[upkeep]\n|upkeep\n|turn|2\n|\n|t:|1601755233\n|switch|p1a: Bronzong|Bronzong, L84|250/250\n|move|p2a: Celebi|Nasty Plot|p2a: Celebi\n|-boost|p2a: Celebi|spa|2\n|\n|-weather|RainDance|[upkeep]\n|upkeep\n|turn|3\n|\n|t:|1601755253\n|move|p2a: Celebi|Giga Drain|p1a: Bronzong\n|-resisted|p1a: Bronzong\n|-damage|p1a: Bronzong|171/250\n|-damage|p2a: Celebi|269/298|[from] item: Life Orb\n|move|p1a: Bronzong|Toxic|p2a: Celebi\n|-status|p2a: Celebi|tox\n|\n|-weather|RainDance|[upkeep]\n|-heal|p1a: Bronzong|186/250|[from] item: Leftovers\n|-damage|p2a: Celebi|251/298 tox|[from] psn\n|upkeep\n|turn|4\n|\n|t:|1601755273\n|switch|p2a: Runerigus|Runerigus, L88, F|245/245\n|move|p1a: Bronzong|Stealth Rock|p2a: Runerigus\n|-sidestart|p2: Lycandusk|move: Stealth Rock\n|\n|-weather|RainDance|[upkeep]\n|-heal|p1a: Bronzong|201/250|[from] item: Leftovers\n|upkeep\n|turn|5\n|\n|t:|1601755280\n|move|p1a: Bronzong|Toxic|p2a: Runerigus|[miss]\n|-miss|p1a: Bronzong|p2a: Runerigus\n|move|p2a: Runerigus|Poltergeist|p1a: Bronzong\n|-activate|p1a: Bronzong|move: Poltergeist|Leftovers\n|-supereffective|p1a: Bronzong\n|-damage|p1a: Bronzong|0 fnt\n|faint|p1a: Bronzong\n|\n|-weather|none\n|upkeep\n|c|\u2606MichaelderBeste2|wow\n|c|\u2606MichaelderBeste2|2 toxic misses\n|c|\u2606Lycandusk|rip\n|\n|t:|1601755294\n|switch|p1a: Articuno|Articuno, L84|288/288\n|-ability|p1a: Articuno|Pressure\n|turn|6\n|\n|t:|1601755310\n|move|p1a: Articuno|Toxic|p2a: Runerigus|[miss]\n|-miss|p1a: Articuno|p2a: Runerigus\n|move|p2a: Runerigus|Stealth Rock|p1a: Articuno\n|-sidestart|p1: MichaelderBeste2|move: Stealth Rock\n|\n|upkeep\n|turn|7\n|c|\u2606Lycandusk|bruh\n|c|\u2606MichaelderBeste2|hm\n|\n|t:|1601755329\n|move|p1a: Articuno|Toxic|p2a: Runerigus\n|-status|p2a: Runerigus|tox\n|move|p2a: Runerigus|Poltergeist|p1a: Articuno\n|-activate|p1a: Articuno|move: Poltergeist|Heavy-Duty Boots\n|-damage|p1a: Articuno|165/288\n|\n|-damage|p2a: Runerigus|230/245 tox|[from] psn\n|upkeep\n|turn|8\n|c|\u2606MichaelderBeste2|WE HIT\n|\n|t:|1601755335\n|move|p1a: Articuno|Freeze-Dry|p2a: Runerigus\n|-supereffective|p2a: Runerigus\n|-damage|p2a: Runerigus|98/245 tox\n|move|p2a: Runerigus|Poltergeist|p1a: Articuno\n|-activate|p1a: Articuno|move: Poltergeist|Heavy-Duty Boots\n|-damage|p1a: Articuno|48/288\n|\n|-heal|p2a: Runerigus|113/245 tox|[from] item: Leftovers\n|-damage|p2a: Runerigus|83/245 tox|[from] psn\n|upkeep\n|turn|9\n|\n|t:|1601755339\n|move|p1a: Articuno|Roost|p1a: Articuno\n|-heal|p1a: Articuno|192/288\n|-singleturn|p1a: Articuno|move: Roost\n|move|p2a: Runerigus|Poltergeist|p1a: Articuno\n|-activate|p1a: Articuno|move: Poltergeist|Heavy-Duty Boots\n|-damage|p1a: Articuno|78/288\n|\n|-heal|p2a: Runerigus|98/245 tox|[from] item: Leftovers\n|-damage|p2a: Runerigus|53/245 tox|[from] psn\n|upkeep\n|turn|10\n|\n|t:|1601755343\n|move|p1a: Articuno|Roost|p1a: Articuno\n|-heal|p1a: Articuno|222/288\n|-singleturn|p1a: Articuno|move: Roost\n|move|p2a: Runerigus|Poltergeist|p1a: Articuno\n|-activate|p1a: Articuno|move: Poltergeist|Heavy-Duty Boots\n|-damage|p1a: Articuno|104/288\n|\n|-heal|p2a: Runerigus|68/245 tox|[from] item: Leftovers\n|-damage|p2a: Runerigus|8/245 tox|[from] psn\n|upkeep\n|turn|11\n|\n|t:|1601755349\n|move|p1a: Articuno|Roost|p1a: Articuno\n|-heal|p1a: Articuno|248/288\n|-singleturn|p1a: Articuno|move: Roost\n|move|p2a: Runerigus|Earthquake|p1a: Articuno\n|-damage|p1a: Articuno|145/288\n|\n|-heal|p2a: Runerigus|23/245 tox|[from] item: Leftovers\n|-damage|p2a: Runerigus|0 fnt|[from] psn\n|faint|p2a: Runerigus\n|upkeep\n|\n|t:|1601755364\n|switch|p2a: Crobat|Crobat, L82, F|274/274\n|turn|12\n|\n|t:|1601755369\n|switch|p1a: Politoed|Politoed, L82, F|282/282\n|-damage|p1a: Politoed|247/282|[from] Stealth Rock\n|-weather|RainDance|[from] ability: Drizzle|[of] p1a: Politoed\n|move|p2a: Crobat|Toxic|p1a: Politoed\n|-status|p1a: Politoed|tox\n|\n|-weather|RainDance|[upkeep]\n|-damage|p1a: Politoed|230/282 tox|[from] psn\n|upkeep\n|turn|13\n|\n|t:|1601755382\n|switch|p2a: Tangrowth|Tangrowth, L80, M|291/291\n|-damage|p2a: Tangrowth|255/291|[from] Stealth Rock\n|move|p1a: Politoed|Scald|p2a: Tangrowth\n|-resisted|p2a: Tangrowth\n|-damage|p2a: Tangrowth|173/291\n|\n|-weather|RainDance|[upkeep]\n|-damage|p1a: Politoed|196/282 tox|[from] psn\n|upkeep\n|turn|14\n|\n|t:|1601755390\n|switch|p1a: Bouffalant|Bouffalant, L88, M|310/310\n|-damage|p1a: Bouffalant|272/310|[from] Stealth Rock\n|move|p2a: Tangrowth|Leech Seed|p1a: Bouffalant\n|-ability|p1a: Bouffalant|Sap Sipper|boost\n|-boost|p1a: Bouffalant|atk|1\n|\n|-weather|RainDance|[upkeep]\n|-heal|p1a: Bouffalant|291/310|[from] item: Leftovers\n|upkeep\n|turn|15\n|\n|t:|1601755400\n|move|p1a: Bouffalant|Megahorn|p2a: Tangrowth\n|-supereffective|p2a: Tangrowth\n|-damage|p2a: Tangrowth|0 fnt\n|-damage|p1a: Bouffalant|240/310|[from] item: Rocky Helmet|[of] p2a: Tangrowth\n|faint|p2a: Tangrowth\n|\n|-weather|RainDance|[upkeep]\n|-heal|p1a: Bouffalant|259/310|[from] item: Leftovers\n|upkeep\n|\n|t:|1601755407\n|switch|p2a: Vaporeon|Vaporeon, L84, F|356/356\n|-damage|p2a: Vaporeon|312/356|[from] Stealth Rock\n|turn|16\n|\n|t:|1601755412\n|switch|p1a: Mantine|Mantine, L84, M|279/279\n|-damage|p1a: Mantine|210/279|[from] Stealth Rock\n|move|p2a: Vaporeon|Scald|p1a: Mantine\n|-heal|p1a: Mantine|279/279|[from] ability: Water Absorb|[of] p2a: Vaporeon\n|\n|-weather|none\n|-heal|p2a: Vaporeon|334/356|[from] item: Leftovers\n|upkeep\n|turn|17\n|\n|t:|1601755425\n|move|p1a: Mantine|Hurricane|p2a: Vaporeon\n|-damage|p2a: Vaporeon|232/356\n|move|p2a: Vaporeon|Toxic|p1a: Mantine\n|-status|p1a: Mantine|tox\n|\n|-heal|p2a: Vaporeon|254/356|[from] item: Leftovers\n|-damage|p1a: Mantine|262/279 tox|[from] psn\n|upkeep\n|turn|18\n|\n|t:|1601755436\n|switch|p1a: Articuno|Articuno, L84|145/288\n|-ability|p1a: Articuno|Pressure\n|move|p2a: Vaporeon|Ice Beam|p1a: Articuno\n|-damage|p1a: Articuno|95/288\n|\n|-heal|p2a: Vaporeon|276/356|[from] item: Leftovers\n|upkeep\n|turn|19\n|\n|t:|1601755442\n|move|p1a: Articuno|Freeze-Dry|p2a: Vaporeon\n|-supereffective|p2a: Vaporeon\n|-damage|p2a: Vaporeon|124/356\n|-status|p2a: Vaporeon|frz\n|cant|p2a: Vaporeon|frz\n|\n|-heal|p2a: Vaporeon|146/356 frz|[from] item: Leftovers\n|upkeep\n|turn|20\n|c|\u2606MichaelderBeste2|oof\n|\n|t:|1601755449\n|move|p1a: Articuno|Freeze-Dry|p2a: Vaporeon\n|-supereffective|p2a: Vaporeon\n|-damage|p2a: Vaporeon|0 fnt\n|faint|p2a: Vaporeon\n|\n|upkeep\n|c|\u2606Lycandusk|fair enough tbh\n|c|\u2606MichaelderBeste2|1 freeze=4 of 5 toxic misses\n|\n|t:|1601755499\n|switch|p2a: Crobat|Crobat, L82, F|274/274\n|turn|21\n|\n|t:|1601755508\n|switch|p1a: Politoed|Politoed, L82, F|196/282 tox\n|-damage|p1a: Politoed|161/282 tox|[from] Stealth Rock\n|-weather|RainDance|[from] ability: Drizzle|[of] p1a: Politoed\n|move|p2a: Crobat|Brave Bird|p1a: Politoed\n|-damage|p1a: Politoed|37/282 tox\n|-damage|p2a: Crobat|233/274|[from] Recoil\n|\n|-weather|RainDance|[upkeep]\n|-damage|p1a: Politoed|20/282 tox|[from] psn\n|upkeep\n|turn|22\n|\n|t:|1601755511\n|move|p2a: Crobat|Brave Bird|p1a: Politoed\n|-damage|p1a: Politoed|0 fnt\n|-damage|p2a: Crobat|226/274|[from] Recoil\n|faint|p1a: Politoed\n|\n|-weather|RainDance|[upkeep]\n|upkeep\n|\n|t:|1601755513\n|switch|p1a: Mantine|Mantine, L84, M|262/279 tox\n|-damage|p1a: Mantine|193/279 tox|[from] Stealth Rock\n|turn|23\n|\n|t:|1601755536\n|switch|p2a: Gothitelle|Gothitelle, L88, M|266/266\n|-damage|p2a: Gothitelle|233/266|[from] Stealth Rock\n|move|p1a: Mantine|Scald|p2a: Gothitelle\n|-damage|p2a: Gothitelle|145/266\n|\n|-weather|RainDance|[upkeep]\n|-heal|p1a: Mantine|210/279 tox|[from] item: Leftovers\n|-heal|p2a: Gothitelle|161/266|[from] item: Leftovers\n|-damage|p1a: Mantine|193/279 tox|[from] psn\n|upkeep\n|turn|24\n|\n|t:|1601755550\n|move|p1a: Mantine|Scald|p2a: Gothitelle\n|-damage|p2a: Gothitelle|76/266\n|move|p2a: Gothitelle|Thunderbolt|p1a: Mantine\n|-supereffective|p1a: Mantine\n|-damage|p1a: Mantine|5/279 tox\n|\n|-weather|RainDance|[upkeep]\n|-heal|p1a: Mantine|22/279 tox|[from] item: Leftovers\n|-heal|p2a: Gothitelle|92/266|[from] item: Leftovers\n|-damage|p1a: Mantine|0 fnt|[from] psn\n|faint|p1a: Mantine\n|upkeep\n|\n|t:|1601755552\n|switch|p1a: Volcarona|Volcarona, L80, M|267/267\n|turn|25\n|\n|t:|1601755561\n|switch|p2a: Crobat|Crobat, L82, F|226/274\n|move|p1a: Volcarona|Quiver Dance|p1a: Volcarona\n|-boost|p1a: Volcarona|spa|1\n|-boost|p1a: Volcarona|spd|1\n|-boost|p1a: Volcarona|spe|1\n|\n|-weather|none\n|upkeep\n|turn|26\n|\n|t:|1601755589\n|switch|p1a: Articuno|Articuno, L84|95/288\n|-ability|p1a: Articuno|Pressure\n|-start|p2a: Crobat|Dynamax\n|-heal|p2a: Crobat|452/548|[silent]\n|move|p2a: Crobat|Max Airstream|p1a: Articuno\n|-damage|p1a: Articuno|0 fnt\n|-boost|p2a: Crobat|spe|1\n|faint|p1a: Articuno\n|\n|upkeep\n|\n|t:|1601755591\n|switch|p1a: Bouffalant|Bouffalant, L88, M|259/310\n|-damage|p1a: Bouffalant|221/310|[from] Stealth Rock\n|turn|27\n|\n|t:|1601755667\n|move|p2a: Crobat|Max Airstream|p1a: Bouffalant\n|-damage|p1a: Bouffalant|103/310\n|-boost|p2a: Crobat|spe|1\n|move|p1a: Bouffalant|Swords Dance|p1a: Bouffalant\n|-boost|p1a: Bouffalant|atk|2\n|\n|-heal|p1a: Bouffalant|122/310|[from] item: Leftovers\n|upkeep\n|turn|28\n|\n|t:|1601755689\n|-end|p2a: Crobat|Dynamax\n|-heal|p2a: Crobat|226/274|[silent]\n|switch|p2a: Gothitelle|Gothitelle, L88, M|92/266\n|-damage|p2a: Gothitelle|59/266|[from] Stealth Rock\n|-start|p1a: Bouffalant|Dynamax\n|-heal|p1a: Bouffalant|244/620|[silent]\n|move|p1a: Bouffalant|Max Guard||[still]\n|-fail|p1a: Bouffalant\n|\n|-heal|p2a: Gothitelle|75/266|[from] item: Leftovers\n|-heal|p1a: Bouffalant|263/620|[from] item: Leftovers\n|upkeep\n|turn|29\n|\n|t:|1601755695\n|move|p2a: Gothitelle|Psychic|p1a: Bouffalant\n|-damage|p1a: Bouffalant|163/620\n|move|p1a: Bouffalant|Max Strike|p2a: Gothitelle\n|-damage|p2a: Gothitelle|0 fnt\n|faint|p2a: Gothitelle\n|\n|-heal|p1a: Bouffalant|182/620|[from] item: Leftovers\n|upkeep\n|\n|t:|1601755701\n|switch|p2a: Celebi|Celebi, L82|251/298\n|-damage|p2a: Celebi|214/298|[from] Stealth Rock\n|turn|30\n|\n|t:|1601755773\n|switch|p2a: Crobat|Crobat, L82, F|226/274\n|-end|p1a: Bouffalant|Dynamax\n|-heal|p1a: Bouffalant|91/310|[silent]\n|switch|p1a: Volcarona|Volcarona, L80, M|267/267\n|\n|upkeep\n|turn|31\n|c|\u2606MichaelderBeste2|wow\n|c|\u2606MichaelderBeste2|well played\n|c|\u2606Lycandusk|we were\n|c|\u2606Lycandusk|calcing the same thing lol\n|\n|t:|1601755795\n|move|p2a: Crobat|Brave Bird|p1a: Volcarona\n|-supereffective|p1a: Volcarona\n|-damage|p1a: Volcarona|0 fnt\n|-status|p2a: Crobat|brn|[from] ability: Flame Body|[of] p1a: Volcarona\n|-damage|p2a: Crobat|138/274 brn|[from] Recoil\n|faint|p1a: Volcarona\n|\n|-damage|p2a: Crobat|121/274 brn|[from] brn\n|upkeep\n|\n|t:|1601755798\n|switch|p1a: Bouffalant|Bouffalant, L88, M|91/310\n|-damage|p1a: Bouffalant|53/310|[from] Stealth Rock\n|turn|32\n|c|\u2606Lycandusk|celebi 3hkos\n|c|\u2606MichaelderBeste2|yeah\n|c|\u2606MichaelderBeste2|should have max guarded\n|c|\u2606Lycandusk|yea\n|\n|t:|1601755853\n|move|p2a: Crobat|Brave Bird|p1a: Bouffalant\n|-damage|p1a: Bouffalant|0 fnt\n|-damage|p2a: Crobat|104/274 brn|[from] Recoil\n|faint|p1a: Bouffalant\n|\n|win|Lycandusk\n|c|\u2606MichaelderBeste2|gg\n|c|\u2606Lycandusk|gg\n|raw|MichaelderBeste2's rating: 2502 &rarr; <strong>2475</strong><br />(-27 for losing)\n|raw|Lycandusk's rating: 2383 &rarr; <strong>2410</strong><br />(+27 for winning)\n", "inputlog": ">version 3db02d9b7dc6db20c60135ee9959e7bc7a4f11f9\n>start {\"formatid\":\"gen8randombattle\",\"seed\":[60294,13681,11249,29618],\"rated\":\"Rated battle\"}\n>player p1 {\"name\":\"MichaelderBeste2\",\"avatar\":\"steven\",\"team\":\"\",\"rating\":2502,\"seed\":[27159,55417,13195,63340]}\n>player p2 {\"name\":\"Lycandusk\",\"avatar\":\"hexmaniac-gen3\",\"team\":\"\",\"rating\":2383,\"seed\":[47130,30169,50506,51522]}\n>chat \u2606MichaelderBeste2|the highest gxe match\n>chat \u2606MichaelderBeste2|hf\n>chat \u2606Lycandusk|!\n>chat \u2606Lycandusk|gl\n>p1 move toxic\n>p2 switch 2\n>p1 switch 3\n>p2 move nastyplot\n>p1 move toxic\n>p2 move gigadrain\n>p1 move stealthrock\n>p2 switch 6\n>p1 move toxic\n>p2 move poltergeist\n>chat \u2606MichaelderBeste2|wow\n>chat \u2606MichaelderBeste2|2 toxic misses\n>chat \u2606Lycandusk|rip\n>p1 switch 2\n>p1 move toxic\n>p2 move stealthrock\n>chat \u2606Lycandusk|bruh\n>chat \u2606MichaelderBeste2|hm\n>p1 move toxic\n>p2 move poltergeist\n>chat \u2606MichaelderBeste2|WE HIT\n>p1 move freezedry\n>p2 move poltergeist\n>p1 move roost\n>p2 move poltergeist\n>p1 move roost\n>p2 move poltergeist\n>p1 move roost\n>p2 move earthquake\n>p2 switch 5\n>p1 switch 3\n>p2 move toxic\n>p1 move scald\n>p2 switch 4\n>p1 switch 5\n>p2 move leechseed\n>p1 move megahorn\n>p2 move focusblast\n>p2 switch 2\n>p1 switch 6\n>p2 move scald\n>p1 move hurricane\n>p2 move toxic\n>p1 switch 3\n>p2 move icebeam\n>p1 move freezedry\n>p2 move toxic\n>chat \u2606MichaelderBeste2|oof\n>p1 move freezedry\n>p2 move scald\n>chat \u2606Lycandusk|fair enough tbh\n>chat \u2606MichaelderBeste2|1 freeze=4 of 5 toxic misses\n>p2 switch 4\n>p1 switch 5\n>p2 move bravebird\n>p1 move scald\n>p2 move bravebird\n>p1 switch 3\n>p1 move scald\n>p2 switch 3\n>p1 move scald\n>p2 move thunderbolt\n>p1 switch 4\n>p1 move quiverdance\n>p2 switch 3\n>p1 switch 5\n>p2 move bravebird dynamax\n>p1 switch 6\n>p1 move swordsdance\n>p2 move bravebird dynamax\n>p1 move swordsdance dynamax\n>p2 switch 3\n>p1 move headcharge dynamax\n>p2 move psychic\n>p2 switch 6\n>p1 switch 5\n>p2 switch 3\n>chat \u2606MichaelderBeste2|wow\n>chat \u2606MichaelderBeste2|well played\n>chat \u2606Lycandusk|we were\n>chat \u2606Lycandusk|calcing the same thing lol\n>p1 move quiverdance\n>p2 move bravebird\n>p1 switch 5\n>chat \u2606Lycandusk|celebi 3hkos\n>chat \u2606MichaelderBeste2|yeah\n>chat \u2606MichaelderBeste2|should have max guarded\n>chat \u2606Lycandusk|yea\n>p1 move headcharge\n>p2 move bravebird", "uploadtime": 1601755871, "views": 77, "p1id": "michaelderbeste2", "p2id": "lycandusk", "formatid": "gen8randombattle", "rating": 2410, "private": 0, "password": null}