|j|☆Abhisek3434
|j|☆hjdhd
|t:|1683800118
|gametype|singles
|player|p1|Abhisek3434|hilbert-wonderlauncher|1000
|player|p2|hjdhd|1|1006
|teamsize|p1|6
|teamsize|p2|6
|gen|8
|tier|[Gen 8] Random Battle
|rated|
|rule|Species Clause: Limit one of each Pokémon
|rule|HP Percentage Mod: HP is shown in percentages
|rule|Sleep Clause Mod: Limit one foe put to sleep
|
|t:|1683800118
|start
|switch|p1a: Steelix|Steelix, L84, F|263/263
|switch|p2a: Skuntank|Skuntank, L85, F|314/314
|turn|1
|
|t:|1683800129
|switch|p2a: Crawdaunt|Crawdaunt, L84, F|243/243
|move|p1a: Steelix|Earthquake|p2a: Crawdaunt
|-damage|p2a: Crawdaunt|146/243
|
|upkeep
|turn|2
|
|t:|1683800146
|switch|p1a: Urshifu|Urshifu-Rapid-Strike, L78, F|284/284
|move|p2a: Crawdaunt|Aqua Jet|p1a: Urshifu
|-resisted|p1a: Urshifu
|-damage|p1a: Urshifu|239/284
|
|-heal|p1a: Urshifu|256/284|[from] item: Leftovers
|upkeep
|turn|3
|c|☆Abhisek3434|Jaldi khel gandu
|n|‽Abhisek3434|abhisek3434
|c|&|/log Abhisek3434 was locked from talking by Artemis. (☆Abhisek3434: Jaldi khel gandu)
|c|&|/raw <small>This action was done automatically. Want to learn more about the AI? <a href="https://www.smogon.com/forums/threads/3570628/#post-9056769">Visit the information thread</a>.</small>
|
|t:|1683800173
|switch|p2a: Rotom|Rotom-Mow, L86|226/226
|move|p1a: Urshifu|Drain Punch|p2a: Rotom
|-damage|p2a: Rotom|148/226
|-heal|p1a: Urshifu|284/284|[from] drain|[of] p2a: Rotom
|
|-heal|p2a: Rotom|162/226|[from] item: Leftovers
|upkeep
|turn|4
|
|t:|1683800206
|switch|p1a: Torkoal|Torkoal, L86, F|261/261
|-weather|SunnyDay|[from] ability: Drought|[of] p1a: Torkoal
|move|p2a: Rotom|Thunderbolt|p1a: Torkoal
|-damage|p1a: Torkoal|137/261
|
|-weather|SunnyDay|[upkeep]
|-heal|p2a: Rotom|176/226|[from] item: Leftovers
|upkeep
|turn|5
|
|t:|1683800227
|switch|p2a: Crawdaunt|Crawdaunt, L84, F|146/243
|move|p1a: Torkoal|Lava Plume|p2a: Crawdaunt
|-resisted|p2a: Crawdaunt
|-damage|p2a: Crawdaunt|66/243
|
|-weather|SunnyDay|[upkeep]
|upkeep
|turn|6
|
|t:|1683800241
|move|p2a: Crawdaunt|Aqua Jet|p1a: Torkoal
|-supereffective|p1a: Torkoal
|-damage|p1a: Torkoal|69/261
|move|p1a: Torkoal|Rapid Spin|p2a: Crawdaunt
|-damage|p2a: Crawdaunt|29/243
|-boost|p1a: Torkoal|spe|1
|
|-weather|SunnyDay|[upkeep]
|upkeep
|turn|7
|
|t:|1683800253
|move|p2a: Crawdaunt|Aqua Jet|p1a: Torkoal
|-supereffective|p1a: Torkoal
|-damage|p1a: Torkoal|5/261
|move|p1a: Torkoal|Lava Plume|p2a: Crawdaunt
|-resisted|p2a: Crawdaunt
|-damage|p2a: Crawdaunt|0 fnt
|faint|p2a: Crawdaunt
|
|-weather|SunnyDay|[upkeep]
|upkeep
|
|t:|1683800264
|switch|p2a: Skuntank|Skuntank, L85, F|314/314
|turn|8
|
|t:|1683800271
|move|p2a: Skuntank|Crunch|p1a: Torkoal
|-damage|p1a: Torkoal|0 fnt
|faint|p1a: Torkoal
|
|-weather|none
|upkeep
|
|t:|1683800277
|switch|p1a: Steelix|Steelix, L84, F|263/263
|turn|9
|
|t:|1683800286
|switch|p2a: Sandslash|Sandslash, L86, F|269/269
|move|p1a: Steelix|Earthquake|p2a: Sandslash
|-damage|p2a: Sandslash|190/269
|
|-heal|p2a: Sandslash|206/269|[from] item: Leftovers
|upkeep
|turn|10
|
|t:|1683800335
|switch|p1a: Urshifu|Urshifu-Rapid-Strike, L78, F|284/284
|move|p2a: Sandslash|Rapid Spin|p1a: Urshifu
|-damage|p1a: Urshifu|247/284
|-boost|p2a: Sandslash|spe|1
|
|-heal|p2a: Sandslash|222/269|[from] item: Leftovers
|-heal|p1a: Urshifu|264/284|[from] item: Leftovers
|upkeep
|turn|11
|
|t:|1683800352
|move|p2a: Sandslash|Earthquake|p1a: Urshifu
|-damage|p1a: Urshifu|149/284
|move|p1a: Urshifu|Bulk Up|p1a: Urshifu
|-boost|p1a: Urshifu|atk|1
|-boost|p1a: Urshifu|def|1
|
|-heal|p2a: Sandslash|238/269|[from] item: Leftovers
|-heal|p1a: Urshifu|166/284|[from] item: Leftovers
|upkeep
|turn|12
|
|t:|1683800366
|move|p2a: Sandslash|Toxic|p1a: Urshifu
|-status|p1a: Urshifu|tox
|move|p1a: Urshifu|Surging Strikes|p2a: Sandslash
|-supereffective|p2a: Sandslash
|-crit|p2a: Sandslash
|-damage|p2a: Sandslash|136/269
|-supereffective|p2a: Sandslash
|-crit|p2a: Sandslash
|-damage|p2a: Sandslash|32/269
|-supereffective|p2a: Sandslash
|-crit|p2a: Sandslash
|-damage|p2a: Sandslash|0 fnt
|faint|p2a: Sandslash
|-hitcount|p2: Sandslash|3
|
|-heal|p1a: Urshifu|183/284 tox|[from] item: Leftovers
|-damage|p1a: Urshifu|166/284 tox|[from] psn
|upkeep
|
|t:|1683800374
|switch|p2a: Bronzong|Bronzong, L83|247/247
|turn|13
|l|☆hjdhd
|player|p2|
|inactive|Battle timer is ON: inactive players will automatically lose when time's up. (requested by Abhisek3434)
|inactive|hjdhd has 30 seconds to reconnect!
|inactive|hjdhd has 20 seconds to reconnect!
|inactive|hjdhd has 15 seconds to reconnect!
|inactive|hjdhd has 10 seconds to reconnect!
|inactive|hjdhd has 5 seconds to reconnect!
|-message|hjdhd lost due to inactivity.
|
|win|Abhisek3434
|raw|Abhisek3434's rating: 1000 &rarr; <strong>1041</strong><br />(+41 for winning)
|raw|hjdhd's rating: 1006 &rarr; <strong>1000</strong><br />(-6 for losing)
