|j|☆cureja
|j|☆Tyler409
|t:|1685285602
|gametype|singles
|player|p1|cureja|2|
|player|p2|Tyler409|palmer|
|teamsize|p1|6
|teamsize|p2|6
|gen|8
|tier|[Gen 8] Random Battle
|rule|Species Clause: Limit one of each Pokémon
|rule|HP Percentage Mod: HP is shown in percentages
|rule|Sleep Clause Mod: Limit one foe put to sleep
|
|t:|1685285602
|start
|switch|p1a: Marowak|Marowak-Alola, L84, M|238/238
|switch|p2a: Pincurchin|Pincurchin, L88, F|228/228
|-fieldstart|move: Electric Terrain|[from] ability: Electric Surge|[of] p2a: Pincurchin
|turn|1
|l|☆cureja
|player|p1|
|j|☆cureja
|player|p1|cureja|2
|
|t:|1685285631
|switch|p1a: Gastrodon|Gastrodon-East, L84, M|324/324
|move|p2a: Pincurchin|Rising Voltage|p1a: Gastrodon
|-immune|p1a: Gastrodon
|
|upkeep
|turn|2
|
|t:|1685285651
|move|p1a: Gastrodon|Earthquake|p2a: Pincurchin
|-supereffective|p2a: Pincurchin
|-enditem|p2a: Pincurchin|Shuca Berry|[eat]
|-enditem|p2a: Pincurchin|Shuca Berry|[weaken]
|-damage|p2a: Pincurchin|143/228
|move|p2a: Pincurchin|Spikes|p1a: Gastrodon
|-sidestart|p1: cureja|Spikes
|
|upkeep
|turn|3
|
|t:|1685285669
|move|p1a: Gastrodon|Scald|p2a: Pincurchin
|-damage|p2a: Pincurchin|61/228
|-status|p2a: Pincurchin|brn
|move|p2a: Pincurchin|Spikes|p1a: Gastrodon
|-sidestart|p1: cureja|Spikes
|
|-damage|p2a: Pincurchin|47/228 brn|[from] brn
|upkeep
|turn|4
|
|t:|1685285678
|move|p1a: Gastrodon|Scald|p2a: Pincurchin
|-damage|p2a: Pincurchin|0 fnt
|faint|p2a: Pincurchin
|
|upkeep
|
|t:|1685285687
|switch|p2a: Scyther|Scyther, L81, M|246/246
|turn|5
|
|t:|1685285709
|move|p2a: Scyther|Swords Dance|p2a: Scyther
|-boost|p2a: Scyther|atk|2
|move|p1a: Gastrodon|Scald|p2a: Scyther
|-damage|p2a: Scyther|150/246
|-status|p2a: Scyther|brn
|
|-damage|p2a: Scyther|135/246 brn|[from] brn
|-fieldend|move: Electric Terrain
|upkeep
|turn|6
|
|t:|1685285750
|switch|p1a: Aggron|Aggron, L85, F|258/258
|-item|p1a: Aggron|Air Balloon
|move|p2a: Scyther|Dual Wingbeat|p1a: Aggron
|-resisted|p1a: Aggron
|-damage|p1a: Aggron|249/258
|-enditem|p1a: Aggron|Air Balloon
|-resisted|p1a: Aggron
|-crit|p1a: Aggron
|-damage|p1a: Aggron|236/258
|-hitcount|p1a: Aggron|2
|
|-damage|p2a: Scyther|120/246 brn|[from] brn
|upkeep
|turn|7
|
|t:|1685285765
|move|p2a: Scyther|Brick Break|p1a: Aggron
|-supereffective|p1a: Aggron
|-damage|p1a: Aggron|116/258
|move|p1a: Aggron|Rock Polish|p1a: Aggron
|-boost|p1a: Aggron|spe|2
|
|-damage|p2a: Scyther|105/246 brn|[from] brn
|upkeep
|turn|8
|
|t:|1685285777
|move|p1a: Aggron|Heavy Slam|p2a: Scyther
|-damage|p2a: Scyther|0 fnt
|faint|p2a: Scyther
|
|upkeep
|
|t:|1685285782
|switch|p2a: Barbaracle|Barbaracle, L80, M|246/246
|turn|9
|
|t:|1685285795
|move|p1a: Aggron|Body Press|p2a: Barbaracle
|-supereffective|p2a: Barbaracle
|-damage|p2a: Barbaracle|92/246
|move|p2a: Barbaracle|Cross Chop|p1a: Aggron|[miss]
|-miss|p2a: Barbaracle|p1a: Aggron
|
|upkeep
|turn|10
|
|t:|1685285808
|move|p1a: Aggron|Body Press|p2a: Barbaracle
|-supereffective|p2a: Barbaracle
|-damage|p2a: Barbaracle|0 fnt
|faint|p2a: Barbaracle
|
|upkeep
|
|t:|1685285811
|switch|p2a: Braviary|Braviary, L82, M|298/298
|turn|11
|
|t:|1685285826
|-start|p1a: Aggron|Dynamax|
|-heal|p1a: Aggron|232/516|[silent]
|move|p1a: Aggron|Max Rockfall|p2a: Braviary
|-supereffective|p2a: Braviary
|-crit|p2a: Braviary
|-damage|p2a: Braviary|0 fnt
|-weather|Sandstorm
|faint|p2a: Braviary
|
|-weather|Sandstorm|[upkeep]
|upkeep
|
|t:|1685285838
|switch|p2a: Linoone|Linoone, L84, M|268/268
|turn|12
|
|t:|1685285851
|move|p1a: Aggron|Max Steelspike|p2a: Linoone
|-damage|p2a: Linoone|81/268
|-boost|p1a: Aggron|def|1
|-enditem|p2a: Linoone|Iapapa Berry|[eat]
|-heal|p2a: Linoone|170/268|[from] item: Iapapa Berry
|move|p2a: Linoone|Belly Drum|p2a: Linoone
|-damage|p2a: Linoone|36/268
|-setboost|p2a: Linoone|atk|6|[from] move: Belly Drum
|
|-weather|Sandstorm|[upkeep]
|-damage|p2a: Linoone|20/268|[from] Sandstorm
|upkeep
|turn|13
|
|t:|1685285867
|move|p2a: Linoone|Extreme Speed|p1a: Aggron
|-resisted|p1a: Aggron
|-damage|p1a: Aggron|208/516
|move|p1a: Aggron|Max Knuckle|p2a: Linoone
|-supereffective|p2a: Linoone
|-damage|p2a: Linoone|0 fnt
|-boost|p1a: Aggron|atk|1
|faint|p2a: Linoone
|
|-weather|Sandstorm|[upkeep]
|upkeep
|
|t:|1685285874
|switch|p2a: Eiscue|Eiscue, L82, M|256/256
|-end|p1a: Aggron|Dynamax
|-heal|p1a: Aggron|104/258|[silent]
|turn|14
|c|☆Tyler409|gg
|
|t:|1685285904
|-start|p2a: Eiscue|Dynamax|
|-heal|p2a: Eiscue|512/512|[silent]
|move|p1a: Aggron|Body Press|p2a: Eiscue
|-activate|p2a: Eiscue|ability: Ice Face
|-damage|p2a: Eiscue|512/512
|detailschange|p2a: Eiscue|Eiscue-Noice, L82, M
|move|p2a: Eiscue|Max Geyser|p1a: Aggron
|-supereffective|p1a: Aggron
|-damage|p1a: Aggron|46/258
|-weather|RainDance
|
|-weather|RainDance|[upkeep]
|upkeep
|turn|15
|
|t:|1685285926
|move|p1a: Aggron|Body Press|p2a: Eiscue
|-supereffective|p2a: Eiscue
|-damage|p2a: Eiscue|188/512
|-enditem|p2a: Eiscue|Sitrus Berry|[eat]
|-heal|p2a: Eiscue|252/512|[from] item: Sitrus Berry
|move|p2a: Eiscue|Max Geyser|p1a: Aggron
|-supereffective|p1a: Aggron
|-damage|p1a: Aggron|0 fnt
|faint|p1a: Aggron
|
|-weather|RainDance|[upkeep]
|upkeep
|
|t:|1685285944
|switch|p1a: Slowbro|Slowbro, L84, F|297/297
|-damage|p1a: Slowbro|248/297|[from] Spikes
|turn|16
|
|t:|1685285950
|move|p2a: Eiscue|Max Mindstorm|p1a: Slowbro
|-resisted|p1a: Slowbro
|-damage|p1a: Slowbro|217/297
|-fieldstart|move: Psychic Terrain
|move|p1a: Slowbro|Future Sight|p2a: Eiscue
|-start|p1a: Slowbro|move: Future Sight
|
|-weather|RainDance|[upkeep]
|-heal|p1a: Slowbro|235/297|[from] item: Leftovers
|upkeep
|-end|p2a: Eiscue|Dynamax
|-heal|p2a: Eiscue|126/256|[silent]
|turn|17
|
|t:|1685285957
|move|p2a: Eiscue|Belly Drum||[still]
|-fail|p2a: Eiscue
|move|p1a: Slowbro|Scald|p2a: Eiscue
|-damage|p2a: Eiscue|0 fnt
|faint|p2a: Eiscue
|
|win|cureja
