{"id": "gen8randombattle-1290047561", "p1": "BoRida", "p2": "pokeblade\u2606101", "format": "[Gen 8] Random Battle", "log": "|j|\u2606BoRida\n|j|\u2606pokeblade\u2606101\n|t:|1614313805\n|player|p1|BoRida|swimmer|2464\n|player|p2|pokeblade\u2606101|yellow|2412\n|teamsize|p1|6\n|teamsize|p2|6\n|gametype|singles\n|gen|8\n|tier|[Gen 8] Random Battle\n|rated|\n|rule|Species Clause: Limit one of each Pok\u00e9mon\n|rule|HP Percentage Mod: HP is shown in percentages\n|rule|Sleep Clause Mod: Limit one foe put to sleep\n|\n|t:|1614313805\n|start\n|switch|p1a: Conkeldurr|Conkeldurr, L80, F|299/299\n|switch|p2a: Gallade|Gallade, L82, M|246/246\n|turn|1\n|c|\u2606pokeblade\u2606101|lol\n|c|\u2606pokeblade\u2606101|i need to check if u are searching more\n|c|\u2606BoRida|yeah u do\n|j| perseo88\n|\n|t:|1614313861\n|move|p2a: Gallade|Knock Off|p1a: Conkeldurr\n|-resisted|p1a: Conkeldurr\n|-damage|p1a: Conkeldurr|260/299\n|-enditem|p1a: Conkeldurr|Flame Orb|[from] move: Knock Off|[of] p2a: Gallade\n|move|p1a: Conkeldurr|Close Combat|p2a: Gallade\n|-resisted|p2a: Gallade\n|-damage|p2a: Gallade|147/246\n|-unboost|p1a: Conkeldurr|def|1\n|-unboost|p1a: Conkeldurr|spd|1\n|\n|upkeep\n|turn|2\n|\n|t:|1614313873\n|switch|p1a: Mr. Mime|Mr. Mime, L86, F|209/209\n|move|p2a: Gallade|Zen Headbutt|p1a: Mr. Mime\n|-resisted|p1a: Mr. Mime\n|-damage|p1a: Mr. Mime|152/209\n|\n|upkeep\n|turn|3\n|\n|t:|1614313905\n|switch|p2a: Reshiram|Reshiram, L74|270/270\n|-ability|p2a: Reshiram|Turboblaze\n|move|p1a: Mr. Mime|Dazzling Gleam|p2a: Reshiram\n|-damage|p2a: Reshiram|185/270\n|\n|upkeep\n|turn|4\n|\n|t:|1614313912\n|switch|p1a: Lycanroc|Lycanroc-Midnight, L82, F, shiny|274/274\n|move|p2a: Reshiram|Roost|p2a: Reshiram\n|-heal|p2a: Reshiram|270/270\n|-singleturn|p2a: Reshiram|move: Roost\n|\n|upkeep\n|turn|5\n|\n|t:|1614313927\n|switch|p2a: Gallade|Gallade, L82, M|147/246\n|move|p1a: Lycanroc|Stealth Rock|p2a: Gallade\n|-sidestart|p2: pokeblade\u2606101|move: Stealth Rock\n|\n|upkeep\n|turn|6\n|\n|t:|1614313948\n|switch|p1a: Mr. Mime|Mr. Mime, L86, F|152/209\n|move|p2a: Gallade|Close Combat|p1a: Mr. Mime\n|-resisted|p1a: Mr. Mime\n|-damage|p1a: Mr. Mime|109/209\n|-unboost|p2a: Gallade|def|1\n|-unboost|p2a: Gallade|spd|1\n|\n|upkeep\n|turn|7\n|\n|t:|1614313965\n|switch|p2a: Reshiram|Reshiram, L74|270/270\n|-ability|p2a: Reshiram|Turboblaze\n|move|p1a: Mr. Mime|Psychic|p2a: Reshiram\n|-damage|p2a: Reshiram|185/270\n|\n|upkeep\n|turn|8\n|c|\u2606BoRida|same damage as dazzling gleam\n|c|\u2606BoRida|nani\n|\n|t:|1614313978\n|switch|p1a: Kangaskhan|Kangaskhan, L84, F|314/314\n|move|p2a: Reshiram|Defog|p1a: Kangaskhan\n|-unboost|p1a: Kangaskhan|evasion|1\n|-sideend|p2: pokeblade\u2606101|Stealth Rock|[from] move: Defog|[of] p2a: Reshiram\n|\n|upkeep\n|turn|9\n|\n|t:|1614313992\n|switch|p2a: Weezing|Weezing, L86, M|252/252\n|move|p1a: Kangaskhan|Double-Edge|p2a: Weezing\n|-damage|p2a: Weezing|155/252\n|-damage|p1a: Kangaskhan|282/314|[from] Recoil\n|\n|-heal|p2a: Weezing|170/252|[from] item: Black Sludge\n|upkeep\n|turn|10\n|\n|t:|1614313999\n|switch|p1a: Lycanroc|Lycanroc-Midnight, L82, F, shiny|274/274\n|move|p2a: Weezing|Sludge Bomb|p1a: Lycanroc\n|-resisted|p1a: Lycanroc\n|-damage|p1a: Lycanroc|220/274\n|\n|-heal|p2a: Weezing|185/252|[from] item: Black Sludge\n|upkeep\n|turn|11\n|\n|t:|1614314005\n|move|p1a: Lycanroc|Stone Edge|p2a: Weezing\n|-damage|p2a: Weezing|67/252\n|-damage|p1a: Lycanroc|193/274|[from] item: Life Orb\n|move|p2a: Weezing|Will-O-Wisp|p1a: Lycanroc\n|-status|p1a: Lycanroc|brn\n|\n|-heal|p2a: Weezing|82/252|[from] item: Black Sludge\n|-damage|p1a: Lycanroc|176/274 brn|[from] brn\n|upkeep\n|turn|12\n|\n|t:|1614314010\n|move|p1a: Lycanroc|Stealth Rock|p2a: Weezing\n|-sidestart|p2: pokeblade\u2606101|move: Stealth Rock\n|move|p2a: Weezing|Pain Split|p1a: Lycanroc\n|-sethp|p1a: Lycanroc|129/274 brn|[from] move: Pain Split|[silent]\n|-sethp|p2a: Weezing|129/252|[from] move: Pain Split\n|\n|-heal|p2a: Weezing|144/252|[from] item: Black Sludge\n|-damage|p1a: Lycanroc|112/274 brn|[from] brn\n|upkeep\n|turn|13\n|\n|t:|1614314018\n|switch|p2a: Gallade|Gallade, L82, M|147/246\n|-damage|p2a: Gallade|132/246|[from] Stealth Rock\n|move|p1a: Lycanroc|Stone Edge|p2a: Gallade\n|-resisted|p2a: Gallade\n|-damage|p2a: Gallade|85/246\n|-damage|p1a: Lycanroc|85/274 brn|[from] item: Life Orb\n|\n|-damage|p1a: Lycanroc|68/274 brn|[from] brn\n|upkeep\n|turn|14\n|\n|t:|1614314025\n|move|p1a: Lycanroc|Iron Tail|p2a: Gallade\n|-damage|p2a: Gallade|24/246\n|-damage|p1a: Lycanroc|41/274 brn|[from] item: Life Orb\n|move|p2a: Gallade|Knock Off|p1a: Lycanroc\n|-damage|p1a: Lycanroc|0 fnt\n|-enditem|p1a: Lycanroc|Life Orb|[from] move: Knock Off|[of] p2a: Gallade\n|faint|p1a: Lycanroc\n|\n|upkeep\n|\n|t:|1614314048\n|switch|p1a: Duraludon|Duraludon, L84, F|255/255\n|turn|15\n|\n|t:|1614314053\n|move|p1a: Duraludon|Flash Cannon|p2a: Gallade\n|-damage|p2a: Gallade|0 fnt\n|faint|p2a: Gallade\n|\n|upkeep\n|j| gjccc\n|\n|t:|1614314058\n|switch|p2a: Sigilyph|Sigilyph, L82, M|251/251\n|-damage|p2a: Sigilyph|189/251|[from] Stealth Rock\n|turn|16\n|\n|t:|1614314089\n|switch|p1a: Mr. Mime|Mr. Mime, L86, F|109/209\n|move|p2a: Sigilyph|Psychic|p1a: Mr. Mime\n|-resisted|p1a: Mr. Mime\n|-damage|p1a: Mr. Mime|9/209\n|-unboost|p1a: Mr. Mime|spd|1\n|\n|upkeep\n|turn|17\n|\n|t:|1614314106\n|switch|p2a: Reshiram|Reshiram, L74|185/270\n|-ability|p2a: Reshiram|Turboblaze\n|move|p1a: Mr. Mime|Healing Wish|p1a: Mr. Mime\n|faint|p1a: Mr. Mime\n|\n|upkeep\n|j| theobserver21\n|\n|t:|1614314112\n|switch|p1a: Duraludon|Duraludon, L84, F|255/255\n|turn|18\n|\n|t:|1614314124\n|switch|p2a: Chandelure|Chandelure, L82, M|233/233\n|-damage|p2a: Chandelure|175/233|[from] Stealth Rock\n|move|p1a: Duraludon|Flash Cannon|p2a: Chandelure\n|-resisted|p2a: Chandelure\n|-damage|p2a: Chandelure|125/233\n|\n|-heal|p2a: Chandelure|139/233|[from] item: Leftovers\n|upkeep\n|turn|19\n|\n|t:|1614314132\n|switch|p1a: Kangaskhan|Kangaskhan, L84, F|282/314\n|-heal|p1a: Kangaskhan|314/314|[from] move: Healing Wish\n|move|p2a: Chandelure|Fire Blast|p1a: Kangaskhan\n|-damage|p1a: Kangaskhan|208/314\n|\n|-heal|p2a: Chandelure|153/233|[from] item: Leftovers\n|upkeep\n|turn|20\n|\n|t:|1614314146\n|move|p1a: Kangaskhan|Double-Edge|p2a: Chandelure\n|-damage|p2a: Chandelure|27/233\n|-damage|p1a: Kangaskhan|166/314|[from] Recoil\n|move|p2a: Chandelure|Fire Blast|p1a: Kangaskhan\n|-damage|p1a: Kangaskhan|52/314\n|\n|-heal|p2a: Chandelure|41/233|[from] item: Leftovers\n|upkeep\n|turn|21\n|c|\u2606BoRida|wait that was my healing wish\n|\n|t:|1614314153\n|move|p1a: Kangaskhan|Double-Edge|p2a: Chandelure\n|-damage|p2a: Chandelure|0 fnt\n|-damage|p1a: Kangaskhan|38/314|[from] Recoil\n|faint|p2a: Chandelure\n|\n|upkeep\n|c|\u2606BoRida|lmao\n|c|\u2606BoRida|fuck\n|c|\u2606pokeblade\u2606101|nice work\n|\n|t:|1614314161\n|switch|p2a: Reshiram|Reshiram, L74|185/270\n|-ability|p2a: Reshiram|Turboblaze\n|turn|22\n|\n|t:|1614314186\n|move|p1a: Kangaskhan|Earthquake|p2a: Reshiram\n|-supereffective|p2a: Reshiram\n|-damage|p2a: Reshiram|39/270\n|move|p2a: Reshiram|Defog|p1a: Kangaskhan\n|-unboost|p1a: Kangaskhan|evasion|1\n|-sideend|p2: pokeblade\u2606101|Stealth Rock|[from] move: Defog|[of] p2a: Reshiram\n|\n|upkeep\n|turn|23\n|\n|t:|1614314192\n|switch|p2a: Weezing|Weezing, L86, M|144/252\n|move|p1a: Kangaskhan|Double-Edge|p2a: Weezing\n|-damage|p2a: Weezing|47/252\n|-damage|p1a: Kangaskhan|6/314|[from] Recoil\n|\n|-heal|p2a: Weezing|62/252|[from] item: Black Sludge\n|upkeep\n|turn|24\n|\n|t:|1614314203\n|move|p1a: Kangaskhan|Double-Edge|p2a: Weezing\n|-damage|p2a: Weezing|0 fnt\n|-damage|p1a: Kangaskhan|0 fnt|[from] Recoil\n|faint|p2a: Weezing\n|faint|p1a: Kangaskhan\n|\n|upkeep\n|\n|t:|1614314242\n|switch|p1a: Rhyperior|Rhyperior, L82, M|323/323\n|switch|p2a: Sigilyph|Sigilyph, L82, M|189/251\n|turn|25\n|\n|t:|1614314255\n|switch|p1a: Conkeldurr|Conkeldurr, L80, F|260/299\n|move|p2a: Sigilyph|Energy Ball|p1a: Conkeldurr\n|-damage|p1a: Conkeldurr|131/299\n|\n|upkeep\n|turn|26\n|\n|t:|1614314263\n|switch|p2a: Reshiram|Reshiram, L74|39/270\n|-ability|p2a: Reshiram|Turboblaze\n|move|p1a: Conkeldurr|Knock Off|p2a: Reshiram\n|-damage|p2a: Reshiram|0 fnt\n|-enditem|p2a: Reshiram|Heavy-Duty Boots|[from] move: Knock Off|[of] p1a: Conkeldurr\n|faint|p2a: Reshiram\n|\n|upkeep\n|\n|t:|1614314275\n|switch|p2a: Sigilyph|Sigilyph, L82, M|189/251\n|turn|27\n|\n|t:|1614314281\n|move|p1a: Conkeldurr|Mach Punch|p2a: Sigilyph\n|-resisted|p2a: Sigilyph\n|-damage|p2a: Sigilyph|174/251\n|move|p2a: Sigilyph|Psychic|p1a: Conkeldurr\n|-supereffective|p1a: Conkeldurr\n|-damage|p1a: Conkeldurr|0 fnt\n|faint|p1a: Conkeldurr\n|\n|upkeep\n|\n|t:|1614314296\n|switch|p1a: Rhyperior|Rhyperior, L82, M|323/323\n|turn|28\n|\n|t:|1614314311\n|-start|p1a: Rhyperior|Dynamax\n|-heal|p1a: Rhyperior|646/646|[silent]\n|move|p2a: Sigilyph|Psychic|p1a: Rhyperior\n|-damage|p1a: Rhyperior|456/646\n|move|p1a: Rhyperior|Max Rockfall|p2a: Sigilyph\n|-supereffective|p2a: Sigilyph\n|-damage|p2a: Sigilyph|0 fnt\n|-weather|Sandstorm\n|faint|p2a: Sigilyph\n|\n|-weather|Sandstorm|[upkeep]\n|upkeep\n|\n|t:|1614314321\n|switch|p2a: Armaldo|Armaldo, L86, M|269/269\n|turn|29\n|j| Jelly cookie\n|c|\u2606pokeblade\u2606101|hm\n|\n|t:|1614314347\n|-start|p2a: Armaldo|Dynamax\n|-heal|p2a: Armaldo|538/538|[silent]\n|move|p2a: Armaldo|Max Guard|p2a: Armaldo\n|-singleturn|p2a: Armaldo|Max Guard\n|move|p1a: Rhyperior|Max Rockfall|p2a: Armaldo\n|-activate|p2a: Armaldo|move: Max Guard\n|\n|-weather|Sandstorm|[upkeep]\n|upkeep\n|turn|30\n|\n|t:|1614314353\n|move|p2a: Armaldo|Max Guard|p2a: Armaldo\n|-singleturn|p2a: Armaldo|Max Guard\n|move|p1a: Rhyperior|Max Rockfall|p2a: Armaldo\n|-activate|p2a: Armaldo|move: Max Guard\n|\n|-weather|Sandstorm|[upkeep]\n|-end|p1a: Rhyperior|Dynamax\n|-heal|p1a: Rhyperior|228/323|[silent]\n|upkeep\n|turn|31\n|c| theobserver21|nani\n|\n|t:|1614314368\n|move|p2a: Armaldo|Max Geyser|p1a: Rhyperior\n|-supereffective|p1a: Rhyperior\n|-damage|p1a: Rhyperior|0 fnt\n|-weather|RainDance\n|faint|p1a: Rhyperior\n|\n|-weather|RainDance|[upkeep]\n|-end|p2a: Armaldo|Dynamax\n|-heal|p2a: Armaldo|269/269|[silent]\n|upkeep\n|\n|t:|1614314371\n|switch|p1a: Duraludon|Duraludon, L84, F|255/255\n|turn|32\n|\n|t:|1614314377\n|move|p2a: Armaldo|Earthquake|p1a: Duraludon\n|-supereffective|p1a: Duraludon\n|-damage|p1a: Duraludon|107/255\n|move|p1a: Duraludon|Flash Cannon|p2a: Armaldo\n|-supereffective|p2a: Armaldo\n|-damage|p2a: Armaldo|57/269\n|\n|-weather|RainDance|[upkeep]\n|upkeep\n|turn|33\n|\n|t:|1614314381\n|move|p2a: Armaldo|Earthquake|p1a: Duraludon\n|-supereffective|p1a: Duraludon\n|-crit|p1a: Duraludon\n|-damage|p1a: Duraludon|0 fnt\n|faint|p1a: Duraludon\n|\n|win|pokeblade\u2606101\n|c|\u2606BoRida|gg\n|l|\u2606BoRida\n|c|\u2606pokeblade\u2606101|whew\n|raw|BoRida's rating: 2464 &rarr; <strong>2441</strong><br />(-23 for losing)\n|raw|pokeblade\u2606101's rating: 2413 &rarr; <strong>2436</strong><br />(+23 for winning)\n|c|\u2606pokeblade\u2606101|gg\n", "inputlog": ">version c9ff89fc660a4d55fb530650f4785d4468c590a2\n>start {\"formatid\":\"gen8randombattle\",\"seed\":[58073,63272,36276,49200],\"rated\":\"Rated battle\"}\n>player p1 {\"name\":\"BoRida\",\"avatar\":\"swimmer\",\"team\":\"\",\"rating\":2464,\"seed\":[37761,29665,47370,34082]}\n>player p2 {\"name\":\"pokeblade\u2606101\",\"avatar\":\"yellow\",\"team\":\"\",\"rating\":2412,\"seed\":[31603,12473,22067,7378]}\n>chat \u2606pokeblade\u2606101|lol\n>chat \u2606pokeblade\u2606101|i need to check if u are searching more\n>chat \u2606BoRida|yeah u do\n>p1 move closecombat\n>p2 move knockoff\n>p1 switch 5\n>p2 move zenheadbutt\n>p1 move dazzlinggleam\n>p2 switch 4\n>p1 switch 2\n>p2 move roost\n>p1 move stealthrock\n>p2 switch 4\n>p1 switch 2\n>p2 move closecombat\n>p1 move psychic\n>p2 switch 4\n>chat \u2606BoRida|same damage as dazzling gleam\n>chat \u2606BoRida|nani\n>p1 switch 3\n>p2 move defog\n>p1 move doubleedge\n>p2 switch 2\n>p1 switch 2\n>p2 move sludgebomb\n>p1 move stoneedge\n>p2 move willowisp\n>p1 move stealthrock\n>p2 move painsplit\n>p1 move stoneedge\n>p2 switch 4\n>p1 move irontail\n>p2 move knockoff\n>p1 switch 6\n>p1 move flashcannon\n>p2 move closecombat\n>p2 switch 6\n>p1 switch 3\n>p2 move psychic\n>p1 move healingwish\n>p2 switch 2\n>p1 switch 3\n>p1 move flashcannon\n>p2 switch 5\n>p1 switch 2\n>p2 move fireblast\n>p1 move doubleedge\n>p2 move fireblast\n>chat \u2606BoRida|wait that was my healing wish\n>p1 move doubleedge\n>p2 move fireblast\n>chat \u2606BoRida|lmao\n>chat \u2606BoRida|fuck\n>chat \u2606pokeblade\u2606101|nice work\n>p2 switch 5\n>p1 move earthquake\n>p2 move defog\n>p1 move doubleedge\n>p2 switch 4\n>p1 move doubleedge\n>p2 move painsplit\n>p1 switch 4\n>p2 switch 2\n>p1 switch 5\n>p2 move energyball\n>p1 move knockoff\n>p2 switch 4\n>p2 switch 4\n>p1 move machpunch\n>p2 move psychic\n>p1 switch 5\n>p1 move stoneedge dynamax\n>p2 move psychic\n>p2 switch 3\n>chat \u2606pokeblade\u2606101|hm\n>p1 move stoneedge dynamax\n>p2 move swordsdance dynamax\n>p1 move stoneedge dynamax\n>p2 move swordsdance dynamax\n>chat  theobserver21|nani\n>p1 move stoneedge\n>p2 move liquidation dynamax\n>p1 switch 2\n>p1 move flashcannon\n>p2 move earthquake\n>p1 move flashcannon\n>p2 move earthquake", "uploadtime": 1614314397, "views": 162, "p1id": "borida", "p2id": "pokeblade101", "formatid": "gen8randombattle", "rating": 2436, "private": 0, "password": null}