|j|☆Hemoplagued
|j|☆Accadere ☁@!
|t:|1665416996
|gametype|singles
|player|p1|Hemoplagued|bugsy|2462
|player|p2|Accadere ☁|touristf2|2417
|teamsize|p1|6
|teamsize|p2|6
|gen|8
|tier|[Gen 8] Random Battle
|rated|
|rule|Species Clause: Limit one of each Pokémon
|rule|HP Percentage Mod: HP is shown in percentages
|rule|Sleep Clause Mod: Limit one foe put to sleep
|
|t:|1665416996
|start
|switch|p1a: Registeel|Registeel, L83|268/268
|switch|p2a: Carbink|Carbink, L86|226/226
|turn|1
|inactive|Battle timer is ON: inactive players will automatically lose when time's up. (requested by Hemoplagued)
|inactive|Hemoplagued has 120 seconds left.
|j| demi6ual-wailord
|
|t:|1665417053
|move|p2a: Carbink|Body Press|p1a: Registeel
|-supereffective|p1a: Registeel
|-damage|p1a: Registeel|150/268
|move|p1a: Registeel|Iron Head|p2a: Carbink
|-supereffective|p2a: Carbink
|-damage|p2a: Carbink|46/226
|
|-heal|p1a: Registeel|166/268|[from] item: Leftovers
|upkeep
|turn|2
|
|t:|1665417059
|move|p2a: Carbink|Reflect|p2a: Carbink
|-sidestart|p2: Accadere ☁|Reflect
|move|p1a: Registeel|Iron Head|p2a: Carbink
|-supereffective|p2a: Carbink
|-damage|p2a: Carbink|0 fnt
|faint|p2a: Carbink
|
|-heal|p1a: Registeel|182/268|[from] item: Leftovers
|upkeep
|
|t:|1665417063
|switch|p2a: Diggersby|Diggersby, L80, M|267/267
|turn|3
|
|t:|1665417070
|move|p2a: Diggersby|Earthquake|p1a: Registeel
|-supereffective|p1a: Registeel
|-damage|p1a: Registeel|0 fnt
|faint|p1a: Registeel
|-damage|p2a: Diggersby|241/267|[from] item: Life Orb
|
|upkeep
|inactive|Hemoplagued has 120 seconds left.
|
|t:|1665417104
|switch|p1a: Indeedee|Indeedee-F, L85, F|258/258
|-fieldstart|move: Psychic Terrain|[from] ability: Psychic Surge|[of] p1a: Indeedee
|turn|4
|
|t:|1665417111
|move|p1a: Indeedee|Expanding Force|p2a: Diggersby
|-damage|p2a: Diggersby|0 fnt
|faint|p2a: Diggersby
|-damage|p1a: Indeedee|233/258|[from] item: Life Orb
|
|upkeep
|j| Garutanis
|
|t:|1665417120
|switch|p2a: Lycanroc|Lycanroc, L80, M|251/251
|turn|5
|
|t:|1665417125
|switch|p1a: Hippowdon|Hippowdon, L80, F|304/304
|-weather|Sandstorm|[from] ability: Sand Stream|[of] p1a: Hippowdon
|move|p2a: Lycanroc|Stone Edge|p1a: Hippowdon
|-resisted|p1a: Hippowdon
|-damage|p1a: Hippowdon|237/304
|
|-weather|Sandstorm|[upkeep]
|-heal|p1a: Hippowdon|256/304|[from] item: Leftovers
|upkeep
|turn|6
|
|t:|1665417128
|switch|p2a: Keldeo|Keldeo-Resolute, L79|273/273
|switch|p1a: Indeedee|Indeedee-F, L85, F|233/258
|
|-weather|Sandstorm|[upkeep]
|-damage|p2a: Keldeo|256/273|[from] Sandstorm
|-damage|p1a: Indeedee|217/258|[from] Sandstorm
|upkeep
|turn|7
|
|t:|1665417133
|switch|p2a: Lycanroc|Lycanroc, L80, M|251/251
|move|p1a: Indeedee|Expanding Force|p2a: Lycanroc
|-damage|p2a: Lycanroc|66/251
|-damage|p1a: Indeedee|192/258|[from] item: Life Orb
|
|-weather|Sandstorm|[upkeep]
|-damage|p1a: Indeedee|176/258|[from] Sandstorm
|upkeep
|turn|8
|
|t:|1665417145
|switch|p1a: Hippowdon|Hippowdon, L80, F|256/304
|move|p2a: Lycanroc|Close Combat|p1a: Hippowdon
|-damage|p1a: Hippowdon|146/304
|-unboost|p2a: Lycanroc|def|1
|-unboost|p2a: Lycanroc|spd|1
|
|-weather|Sandstorm|[upkeep]
|-heal|p1a: Hippowdon|165/304|[from] item: Leftovers
|-fieldend|move: Psychic Terrain
|upkeep
|turn|9
|
|t:|1665417149
|move|p2a: Lycanroc|Close Combat|p1a: Hippowdon
|-crit|p1a: Hippowdon
|-damage|p1a: Hippowdon|0 fnt
|-unboost|p2a: Lycanroc|def|1
|-unboost|p2a: Lycanroc|spd|1
|faint|p1a: Hippowdon
|
|-weather|none
|-sideend|p2: Accadere ☁|Reflect
|upkeep
|
|t:|1665417157
|switch|p1a: Dracovish|Dracovish, L80|275/275
|turn|10
|
|t:|1665417175
|move|p2a: Lycanroc|Close Combat|p1a: Dracovish
|-damage|p1a: Dracovish|153/275
|-unboost|p2a: Lycanroc|def|1
|-unboost|p2a: Lycanroc|spd|1
|move|p1a: Dracovish|Fishious Rend|p2a: Lycanroc
|-supereffective|p2a: Lycanroc
|-damage|p2a: Lycanroc|0 fnt
|faint|p2a: Lycanroc
|
|upkeep
|inactive|Accadere ☁ has 120 seconds left.
|
|t:|1665417220
|switch|p2a: Xurkitree|Xurkitree, L76|251/251
|turn|11
|
|t:|1665417223
|move|p2a: Xurkitree|Thunderbolt|p1a: Dracovish
|-damage|p1a: Dracovish|3/275
|move|p1a: Dracovish|Fishious Rend|p2a: Xurkitree
|-damage|p2a: Xurkitree|95/251
|
|upkeep
|turn|12
|
|t:|1665417228
|switch|p1a: Morpeko|Morpeko, L86, F|240/240
|move|p2a: Xurkitree|Thunderbolt|p1a: Morpeko
|-resisted|p1a: Morpeko
|-damage|p1a: Morpeko|158/240
|
|-heal|p1a: Morpeko|173/240|[from] item: Leftovers
|-formechange|p1a: Morpeko|Morpeko-Hangry||[from] ability: Hunger Switch
|upkeep
|turn|13
|
|t:|1665417232
|switch|p2a: Passimian|Passimian, L82, M|298/298
|move|p1a: Morpeko|Aura Wheel|p2a: Passimian
|-resisted|p2a: Passimian
|-damage|p2a: Passimian|239/298
|-boost|p1a: Morpeko|spe|1
|
|-heal|p1a: Morpeko|188/240|[from] item: Leftovers
|-formechange|p1a: Morpeko|Morpeko||[from] ability: Hunger Switch
|upkeep
|turn|14
|
|t:|1665417235
|move|p1a: Morpeko|Protect|p1a: Morpeko
|-singleturn|p1a: Morpeko|Protect
|move|p2a: Passimian|Close Combat|p1a: Morpeko
|-activate|p1a: Morpeko|move: Protect
|
|-heal|p1a: Morpeko|203/240|[from] item: Leftovers
|-formechange|p1a: Morpeko|Morpeko-Hangry||[from] ability: Hunger Switch
|upkeep
|turn|15
|
|t:|1665417249
|switch|p1a: Dracovish|Dracovish, L80|3/275
|move|p2a: Passimian|Close Combat|p1a: Dracovish
|-damage|p1a: Dracovish|0 fnt
|-unboost|p2a: Passimian|def|1
|-unboost|p2a: Passimian|spd|1
|faint|p1a: Dracovish
|
|upkeep
|
|t:|1665417255
|switch|p1a: Indeedee|Indeedee-F, L85, F|176/258
|-fieldstart|move: Psychic Terrain|[from] ability: Psychic Surge|[of] p1a: Indeedee
|turn|16
|
|t:|1665417259
|move|p1a: Indeedee|Expanding Force|p2a: Passimian
|-supereffective|p2a: Passimian
|-damage|p2a: Passimian|0 fnt
|faint|p2a: Passimian
|-damage|p1a: Indeedee|151/258|[from] item: Life Orb
|
|upkeep
|
|t:|1665417261
|switch|p2a: Keldeo|Keldeo-Resolute, L79|256/273
|turn|17
|
|t:|1665417264
|move|p2a: Keldeo|Secret Sword|p1a: Indeedee
|-damage|p1a: Indeedee|0 fnt
|faint|p1a: Indeedee
|
|upkeep
|
|t:|1665417272
|switch|p1a: Morpeko|Morpeko, L86, F|203/240
|turn|18
|
|t:|1665417276
|move|p2a: Keldeo|Secret Sword|p1a: Morpeko
|-supereffective|p1a: Morpeko
|-damage|p1a: Morpeko|0 fnt
|faint|p1a: Morpeko
|
|upkeep
|-message|Hemoplagued forfeited.
|
|win|Accadere ☁
|raw|Hemoplagued's rating: 2462 &rarr; <strong>2439</strong><br />(-23 for losing)
|raw|Accadere ☁'s rating: 2417 &rarr; <strong>2440</strong><br />(+23 for winning)
|l|☆Hemoplagued
|j| El Prisma
||Ladder isn't responding, score probably updated but might not have (Request timeout).
