{"id": "gen8randombattle-1865463902", "p1": "bigbandschi", "p2": "Itachinemo", "format": "[Gen 8] Random Battle", "log": "|j|\u2606bigbandschi\n|j|\u2606Itachinemo\n|t:|1684291892\n|gametype|singles\n|player|p1|bigbandschi|bruno|1323\n|player|p2|Itachinemo|koga|1390\n|teamsize|p1|6\n|teamsize|p2|6\n|gen|8\n|tier|[Gen 8] Random Battle\n|rated|\n|rule|Species Clause: Limit one of each Pok\u00e9mon\n|rule|HP Percentage Mod: HP is shown in percentages\n|rule|Sleep Clause Mod: Limit one foe put to sleep\n|\n|t:|1684291892\n|start\n|switch|p1a: Toxtricity|Toxtricity, L82, F|257/257\n|switch|p2a: Mimikyu|Mimikyu, L76, M|209/209\n|turn|1\n|\n|t:|1684291906\n|switch|p2a: Whiscash|Whiscash, L86, F|329/329\n|move|p1a: Toxtricity|Sludge Wave|p2a: Whiscash\n|-resisted|p2a: Whiscash\n|-damage|p2a: Whiscash|266/329\n|\n|upkeep\n|turn|2\n|inactive|Battle timer is ON: inactive players will automatically lose when time's up. (requested by bigbandschi)\n|\n|t:|1684291917\n|switch|p1a: Tapu Bulu|Tapu Bulu, L82|249/249\n|-fieldstart|move: Grassy Terrain|[from] ability: Grassy Surge|[of] p1a: Tapu Bulu\n|move|p2a: Whiscash|Earthquake|p1a: Tapu Bulu\n|-resisted|p1a: Tapu Bulu\n|-damage|p1a: Tapu Bulu|226/249\n|-damage|p2a: Whiscash|234/329|[from] item: Life Orb\n|\n|-heal|p1a: Tapu Bulu|241/249|[from] Grassy Terrain\n|-heal|p2a: Whiscash|254/329|[from] Grassy Terrain\n|upkeep\n|turn|3\n|\n|t:|1684291937\n|switch|p2a: Braviary|Braviary, L82, M|298/298\n|move|p1a: Tapu Bulu|Swords Dance|p1a: Tapu Bulu\n|-boost|p1a: Tapu Bulu|atk|2\n|\n|-heal|p1a: Tapu Bulu|249/249|[from] Grassy Terrain\n|upkeep\n|turn|4\n|\n|t:|1684291951\n|move|p2a: Braviary|Brave Bird|p1a: Tapu Bulu\n|-supereffective|p1a: Tapu Bulu\n|-damage|p1a: Tapu Bulu|15/249\n|-damage|p2a: Braviary|221/298|[from] Recoil\n|move|p1a: Tapu Bulu|Stone Edge|p2a: Braviary\n|-supereffective|p2a: Braviary\n|-damage|p2a: Braviary|0 fnt\n|faint|p2a: Braviary\n|-damage|p1a: Tapu Bulu|0 fnt|[from] item: Life Orb\n|faint|p1a: Tapu Bulu\n|\n|upkeep\n|\n|t:|1684291965\n|switch|p2a: Shuckle|Shuckle, L87, M|177/177\n|switch|p1a: Sceptile|Sceptile, L86, F|261/261\n|turn|5\n|\n|t:|1684291973\n|move|p1a: Sceptile|Rock Slide|p2a: Shuckle\n|-supereffective|p2a: Shuckle\n|-damage|p2a: Shuckle|115/177\n|-damage|p1a: Sceptile|235/261|[from] item: Life Orb\n|move|p2a: Shuckle|Toxic|p1a: Sceptile\n|-status|p1a: Sceptile|tox\n|\n|-heal|p1a: Sceptile|251/261 tox|[from] Grassy Terrain\n|-heal|p2a: Shuckle|126/177|[from] Grassy Terrain\n|-damage|p1a: Sceptile|235/261 tox|[from] psn\n|upkeep\n|turn|6\n|\n|t:|1684291984\n|switch|p1a: Stonjourner|Stonjourner, L88, F|319/319\n|move|p2a: Shuckle|Sticky Web|p1a: Stonjourner\n|-sidestart|p1: bigbandschi|move: Sticky Web\n|\n|-heal|p2a: Shuckle|137/177|[from] Grassy Terrain\n|-fieldend|move: Grassy Terrain\n|upkeep\n|turn|7\n|\n|t:|1684291993\n|switch|p2a: Whiscash|Whiscash, L86, F|254/329\n|move|p1a: Stonjourner|Stone Edge|p2a: Whiscash\n|-resisted|p2a: Whiscash\n|-damage|p2a: Whiscash|153/329\n|-damage|p1a: Stonjourner|288/319|[from] item: Life Orb\n|\n|upkeep\n|turn|8\n|\n|t:|1684292006\n|move|p1a: Stonjourner|Earthquake|p2a: Whiscash\n|-damage|p2a: Whiscash|26/329\n|-damage|p1a: Stonjourner|257/319|[from] item: Life Orb\n|move|p2a: Whiscash|Dragon Dance|p2a: Whiscash\n|-boost|p2a: Whiscash|atk|1\n|-boost|p2a: Whiscash|spe|1\n|\n|upkeep\n|turn|9\n|\n|t:|1684292018\n|move|p2a: Whiscash|Earthquake|p1a: Stonjourner\n|-supereffective|p1a: Stonjourner\n|-damage|p1a: Stonjourner|13/319\n|-damage|p2a: Whiscash|0 fnt|[from] item: Life Orb\n|faint|p2a: Whiscash\n|move|p1a: Stonjourner|Earthquake|p2: Whiscash|[notarget]\n|-fail|p1a: Stonjourner\n|\n|upkeep\n|\n|t:|1684292028\n|switch|p2a: Mimikyu|Mimikyu, L76, M|209/209\n|turn|10\n|inactive|bigbandschi has 120 seconds left.\n|\n|t:|1684292063\n|move|p2a: Mimikyu|Shadow Sneak|p1a: Stonjourner\n|-damage|p1a: Stonjourner|0 fnt\n|faint|p1a: Stonjourner\n|-damage|p2a: Mimikyu|189/209|[from] item: Life Orb\n|\n|upkeep\n|\n|t:|1684292081\n|switch|p1a: Toxtricity|Toxtricity, L82, F|257/257\n|-activate|p1a: Toxtricity|move: Sticky Web\n|-unboost|p1a: Toxtricity|spe|1\n|turn|11\n|\n|t:|1684292111\n|switch|p2a: Shuckle|Shuckle, L87, M|137/177\n|move|p1a: Toxtricity|Sludge Wave|p2a: Shuckle\n|-resisted|p2a: Shuckle\n|-damage|p2a: Shuckle|113/177\n|-status|p2a: Shuckle|psn\n|\n|-damage|p2a: Shuckle|91/177 psn|[from] psn\n|upkeep\n|turn|12\n|inactive|bigbandschi has 120 seconds left.\n|\n|t:|1684292130\n|switch|p1a: Lunala|Lunala, L72|316/316\n|-activate|p1a: Lunala|move: Sticky Web\n|-unboost|p1a: Lunala|spe|1\n|move|p2a: Shuckle|Knock Off|p1a: Lunala\n|-supereffective|p1a: Lunala\n|-damage|p1a: Lunala|260/316\n|-enditem|p1a: Lunala|Leftovers|[from] move: Knock Off|[of] p2a: Shuckle\n|\n|-damage|p2a: Shuckle|69/177 psn|[from] psn\n|upkeep\n|turn|13\n|\n|t:|1684292142\n|move|p1a: Lunala|Calm Mind|p1a: Lunala\n|-boost|p1a: Lunala|spa|1\n|-boost|p1a: Lunala|spd|1\n|move|p2a: Shuckle|Stealth Rock|p1a: Lunala\n|-sidestart|p1: bigbandschi|move: Stealth Rock\n|\n|-damage|p2a: Shuckle|47/177 psn|[from] psn\n|upkeep\n|turn|14\n|\n|t:|1684292152\n|move|p1a: Lunala|Calm Mind|p1a: Lunala\n|-boost|p1a: Lunala|spa|1\n|-boost|p1a: Lunala|spd|1\n|move|p2a: Shuckle|Toxic|p1a: Lunala|[miss]\n|-miss|p2a: Shuckle|p1a: Lunala\n|\n|-damage|p2a: Shuckle|25/177 psn|[from] psn\n|upkeep\n|turn|15\n|\n|t:|1684292159\n|move|p1a: Lunala|Moongeist Beam|p2a: Shuckle\n|-damage|p2a: Shuckle|0 fnt\n|faint|p2a: Shuckle\n|\n|upkeep\n|\n|t:|1684292170\n|switch|p2a: Guzzlord|Guzzlord, L84|512/512\n|turn|16\n|inactive|bigbandschi has 120 seconds left.\n|\n|t:|1684292190\n|-start|p2a: Guzzlord|Dynamax|\n|-heal|p2a: Guzzlord|1024/1024|[silent]\n|move|p1a: Lunala|Moongeist Beam|p2a: Guzzlord\n|-resisted|p2a: Guzzlord\n|-damage|p2a: Guzzlord|919/1024\n|move|p2a: Guzzlord|Max Darkness|p1a: Lunala\n|-supereffective|p1a: Lunala\n|-damage|p1a: Lunala|0 fnt\n|faint|p1a: Lunala\n|-ability|p2a: Guzzlord|Beast Boost|boost\n|-boost|p2a: Guzzlord|atk|1\n|\n|upkeep\n|\n|t:|1684292199\n|switch|p1a: Necrozma|Necrozma, L80|286/286\n|-activate|p1a: Necrozma|move: Sticky Web\n|-unboost|p1a: Necrozma|spe|1\n|-damage|p1a: Necrozma|251/286|[from] Stealth Rock\n|turn|17\n|inactive|bigbandschi has 120 seconds left.\n|\n|t:|1684292208\n|move|p2a: Guzzlord|Max Darkness|p1a: Necrozma\n|-supereffective|p1a: Necrozma\n|-damage|p1a: Necrozma|0 fnt\n|faint|p1a: Necrozma\n|-ability|p2a: Guzzlord|Beast Boost|boost\n|-boost|p2a: Guzzlord|atk|1\n|\n|upkeep\n|inactive|bigbandschi has 120 seconds left.\n|inactive|bigbandschi has 90 seconds left.\n|\n|t:|1684292251\n|switch|p1a: Sceptile|Sceptile, L86, F|235/261 tox\n|-activate|p1a: Sceptile|move: Sticky Web\n|-unboost|p1a: Sceptile|spe|1\n|-damage|p1a: Sceptile|203/261 tox|[from] Stealth Rock\n|turn|18\n|\n|t:|1684292265\n|-start|p1a: Sceptile|Dynamax|\n|-heal|p1a: Sceptile|406/522 tox|[silent]\n|move|p1a: Sceptile|Max Knuckle|p2a: Guzzlord\n|-supereffective|p2a: Guzzlord\n|-damage|p2a: Guzzlord|732/1024\n|-boost|p1a: Sceptile|atk|1\n|-damage|p1a: Sceptile|380/522 tox|[from] item: Life Orb\n|move|p2a: Guzzlord|Max Flare|p1a: Sceptile\n|-supereffective|p1a: Sceptile\n|-damage|p1a: Sceptile|186/522 tox\n|-weather|SunnyDay\n|\n|-weather|SunnyDay|[upkeep]\n|-damage|p1a: Sceptile|170/522 tox|[from] psn\n|upkeep\n|-end|p2a: Guzzlord|Dynamax\n|-heal|p2a: Guzzlord|366/512|[silent]\n|turn|19\n|inactive|bigbandschi has 90 seconds left.\n|\n|t:|1684292287\n|move|p1a: Sceptile|Max Knuckle|p2a: Guzzlord\n|-supereffective|p2a: Guzzlord\n|-damage|p2a: Guzzlord|168/512\n|-boost|p1a: Sceptile|atk|1\n|-damage|p1a: Sceptile|144/522 tox|[from] item: Life Orb\n|move|p2a: Guzzlord|Sludge Bomb|p1a: Sceptile\n|-supereffective|p1a: Sceptile\n|-damage|p1a: Sceptile|26/522 tox\n|\n|-weather|SunnyDay|[upkeep]\n|-damage|p1a: Sceptile|0 fnt|[from] psn\n|faint|p1a: Sceptile\n|upkeep\n|inactive|bigbandschi has 90 seconds left.\n|\n|t:|1684292296\n|switch|p1a: Toxtricity|Toxtricity, L82, F|257/257\n|-activate|p1a: Toxtricity|move: Sticky Web\n|-unboost|p1a: Toxtricity|spe|1\n|-damage|p1a: Toxtricity|225/257|[from] Stealth Rock\n|turn|20\n|\n|t:|1684292312\n|move|p1a: Toxtricity|Boomburst|p2a: Guzzlord\n|-damage|p2a: Guzzlord|46/512\n|move|p2a: Guzzlord|Knock Off|p1a: Toxtricity\n|-damage|p1a: Toxtricity|0 fnt\n|-enditem|p1a: Toxtricity|Choice Scarf|[from] move: Knock Off|[of] p2a: Guzzlord\n|faint|p1a: Toxtricity\n|\n|win|Itachinemo\n|raw|bigbandschi's rating: 1323 &rarr; <strong>1307</strong><br />(-16 for losing)\n|raw|Itachinemo's rating: 1390 &rarr; <strong>1406</strong><br />(+16 for winning)\n|l|\u2606bigbandschi\n|c|\u2606Itachinemo|gg\n", "inputlog": ">version 3f967b429d9dd76d8eb692efdd7dfe9038092d20\n>start {\"formatid\":\"gen8randombattle\",\"seed\":[26207,35535,50319,52891],\"rated\":\"Rated battle\"}\n>player p1 {\"name\":\"bigbandschi\",\"avatar\":\"bruno\",\"rating\":1323,\"seed\":[13249,772,57398,6180]}\n>player p2 {\"name\":\"Itachinemo\",\"avatar\":\"koga\",\"rating\":1390,\"seed\":[21967,45301,62247,64941]}\n>p1 move sludgewave\n>p2 switch 2\n>p1 switch 3\n>p2 move earthquake\n>p1 move swordsdance\n>p2 switch 5\n>p1 move stoneedge\n>p2 move bravebird\n>p1 switch 5\n>p2 switch 6\n>p1 move rockslide\n>p2 move toxic\n>p1 switch 6\n>p2 move stickyweb\n>p1 move stoneedge\n>p2 switch 5\n>p1 move earthquake\n>p2 move dragondance\n>p1 move earthquake\n>p2 move earthquake\n>p2 switch 2\n>p1 move heatcrash\n>p2 move shadowsneak\n>p1 switch 3\n>p1 move sludgewave\n>p2 switch 5\n>p1 switch 2\n>p2 move knockoff\n>p1 move calmmind\n>p2 move stealthrock\n>p1 move calmmind\n>p2 move toxic\n>p1 move moongeistbeam\n>p2 move knockoff\n>p2 switch 3\n>p1 move moongeistbeam\n>p2 move knockoff dynamax\n>p1 switch 4\n>p1 move moonlight\n>p2 move knockoff dynamax\n>p1 switch 6\n>p1 move focusblast dynamax\n>p2 move fireblast dynamax\n>p1 move focusblast dynamax\n>p2 move sludgebomb\n>p1 switch 2\n>p1 move boomburst\n>p2 move knockoff", "uploadtime": 1684292330, "views": 4, "p1id": "bigbandschi", "p2id": "itachinemo", "formatid": "gen8randombattle", "rating": 1307, "private": 0, "password": ""}