{"id":"gen8randombattle-1875194808","p1":"flyingworkshop","p2":"florencemoore","format":"[Gen 8] Random Battle","log":"|j|\u2606flyingworkshop\n|j|\u2606florencemoore\n|t:|1685578942\n|gametype|singles\n|player|p1|flyingworkshop|dawn|\n|player|p2|florencemoore|169|\n|teamsize|p1|6\n|teamsize|p2|6\n|gen|8\n|tier|[Gen 8] Random Battle\n|rule|Species Clause: Limit one of each Pok\u00e9mon\n|rule|HP Percentage Mod: HP is shown in percentages\n|rule|Sleep Clause Mod: Limit one foe put to sleep\n|\n|t:|1685578942\n|start\n|switch|p1a: Luxray|Luxray, L84, F|272\/272\n|switch|p2a: Arctovish|Arctovish, L86|295\/295\n|turn|1\n|inactive|Battle timer is ON: inactive players will automatically lose when time's up. (requested by florencemoore)\n|\n|t:|1685578968\n|move|p1a: Luxray|Agility|p1a: Luxray\n|-boost|p1a: Luxray|spe|2\n|move|p2a: Arctovish|Freeze-Dry|p1a: Luxray\n|-damage|p1a: Luxray|196\/272\n|\n|-status|p1a: Luxray|brn|[from] item: Flame Orb\n|upkeep\n|turn|2\n|\n|t:|1685578977\n|move|p1a: Luxray|Agility|p1a: Luxray\n|-boost|p1a: Luxray|spe|2\n|move|p2a: Arctovish|Freeze-Dry|p1a: Luxray\n|-damage|p1a: Luxray|124\/272 brn\n|\n|-damage|p1a: Luxray|107\/272 brn|[from] brn\n|upkeep\n|turn|3\n|\n|t:|1685578985\n|move|p1a: Luxray|Agility|p1a: Luxray\n|-boost|p1a: Luxray|spe|2\n|move|p2a: Arctovish|Freeze-Dry|p1a: Luxray\n|-damage|p1a: Luxray|34\/272 brn\n|\n|-damage|p1a: Luxray|17\/272 brn|[from] brn\n|upkeep\n|turn|4\n|\n|t:|1685578998\n|move|p1a: Luxray|Agility|p1a: Luxray\n|-boost|p1a: Luxray|spe|0\n|move|p2a: Arctovish|Freeze-Dry|p1a: Luxray\n|-damage|p1a: Luxray|0 fnt\n|faint|p1a: Luxray\n|\n|upkeep\n|\n|t:|1685579005\n|switch|p1a: Tyrantrum|Tyrantrum, L82, M|269\/269\n|turn|5\n|\n|t:|1685579012\n|move|p1a: Tyrantrum|Dragon Dance|p1a: Tyrantrum\n|-boost|p1a: Tyrantrum|atk|1\n|-boost|p1a: Tyrantrum|spe|1\n|move|p2a: Arctovish|Icicle Crash|p1a: Tyrantrum\n|-supereffective|p1a: Tyrantrum\n|-crit|p1a: Tyrantrum\n|-damage|p1a: Tyrantrum|53\/269\n|\n|upkeep\n|turn|6\n|\n|t:|1685579023\n|move|p1a: Tyrantrum|Dragon Dance|p1a: Tyrantrum\n|-boost|p1a: Tyrantrum|atk|1\n|-boost|p1a: Tyrantrum|spe|1\n|move|p2a: Arctovish|Icicle Crash|p1a: Tyrantrum\n|-supereffective|p1a: Tyrantrum\n|-damage|p1a: Tyrantrum|0 fnt\n|faint|p1a: Tyrantrum\n|\n|upkeep\n|\n|t:|1685579033\n|switch|p1a: Slowking|Slowking, L86, F|304\/304\n|turn|7\n|\n|t:|1685579039\n|move|p2a: Arctovish|Body Slam|p1a: Slowking\n|-damage|p1a: Slowking|247\/304\n|move|p1a: Slowking|Teleport|p1a: Slowking\n|\n|t:|1685579046\n|switch|p1a: Cursola|Cursola, L86, M|243\/243|[from] Teleport\n|\n|upkeep\n|turn|8\n|\n|t:|1685579052\n|move|p2a: Arctovish|Fishious Rend|p1a: Cursola\n|-damage|p1a: Cursola|0 fnt\n|faint|p1a: Cursola\n|\n|upkeep\n|\n|t:|1685579064\n|switch|p1a: Tapu Fini|Tapu Fini, L78|237\/237\n|-fieldstart|move: Misty Terrain|[from] ability: Misty Surge|[of] p1a: Tapu Fini\n|turn|9\n|\n|t:|1685579075\n|move|p1a: Tapu Fini|Taunt|p2a: Arctovish\n|-start|p2a: Arctovish|move: Taunt\n|move|p2a: Arctovish|Body Slam|p1a: Tapu Fini\n|-damage|p1a: Tapu Fini|182\/237\n|\n|-heal|p1a: Tapu Fini|196\/237|[from] item: Leftovers\n|upkeep\n|turn|10\n|\n|t:|1685579084\n|move|p1a: Tapu Fini|Calm Mind|p1a: Tapu Fini\n|-boost|p1a: Tapu Fini|spa|1\n|-boost|p1a: Tapu Fini|spd|1\n|move|p2a: Arctovish|Body Slam|p1a: Tapu Fini\n|-damage|p1a: Tapu Fini|147\/237\n|\n|-heal|p1a: Tapu Fini|161\/237|[from] item: Leftovers\n|upkeep\n|turn|11\n|\n|t:|1685579093\n|move|p1a: Tapu Fini|Calm Mind|p1a: Tapu Fini\n|-boost|p1a: Tapu Fini|spa|1\n|-boost|p1a: Tapu Fini|spd|1\n|move|p2a: Arctovish|Freeze-Dry|p1a: Tapu Fini\n|-supereffective|p1a: Tapu Fini\n|-damage|p1a: Tapu Fini|101\/237\n|\n|-heal|p1a: Tapu Fini|115\/237|[from] item: Leftovers\n|-end|p2a: Arctovish|move: Taunt\n|upkeep\n|turn|12\n|\n|t:|1685579102\n|move|p1a: Tapu Fini|Calm Mind|p1a: Tapu Fini\n|-boost|p1a: Tapu Fini|spa|1\n|-boost|p1a: Tapu Fini|spd|1\n|move|p2a: Arctovish|Freeze-Dry|p1a: Tapu Fini\n|-supereffective|p1a: Tapu Fini\n|-damage|p1a: Tapu Fini|67\/237\n|\n|-heal|p1a: Tapu Fini|81\/237|[from] item: Leftovers\n|upkeep\n|turn|13\n|\n|t:|1685579114\n|move|p1a: Tapu Fini|Calm Mind|p1a: Tapu Fini\n|-boost|p1a: Tapu Fini|spa|1\n|-boost|p1a: Tapu Fini|spd|1\n|move|p2a: Arctovish|Freeze-Dry|p1a: Tapu Fini\n|-supereffective|p1a: Tapu Fini\n|-damage|p1a: Tapu Fini|43\/237\n|\n|-heal|p1a: Tapu Fini|57\/237|[from] item: Leftovers\n|-fieldend|Misty Terrain\n|upkeep\n|turn|14\n|\n|t:|1685579123\n|move|p1a: Tapu Fini|Calm Mind|p1a: Tapu Fini\n|-boost|p1a: Tapu Fini|spa|1\n|-boost|p1a: Tapu Fini|spd|1\n|move|p2a: Arctovish|Freeze-Dry|p1a: Tapu Fini\n|-supereffective|p1a: Tapu Fini\n|-damage|p1a: Tapu Fini|27\/237\n|\n|-heal|p1a: Tapu Fini|41\/237|[from] item: Leftovers\n|upkeep\n|turn|15\n|\n|t:|1685579130\n|move|p1a: Tapu Fini|Calm Mind|p1a: Tapu Fini\n|-boost|p1a: Tapu Fini|spa|1\n|-boost|p1a: Tapu Fini|spd|1\n|move|p2a: Arctovish|Freeze-Dry|p1a: Tapu Fini\n|-supereffective|p1a: Tapu Fini\n|-damage|p1a: Tapu Fini|11\/237\n|\n|-heal|p1a: Tapu Fini|25\/237|[from] item: Leftovers\n|upkeep\n|turn|16\n|\n|t:|1685579137\n|move|p1a: Tapu Fini|Taunt|p2a: Arctovish\n|-start|p2a: Arctovish|move: Taunt\n|move|p2a: Arctovish|Freeze-Dry|p1a: Tapu Fini\n|-supereffective|p1a: Tapu Fini\n|-damage|p1a: Tapu Fini|0 fnt\n|faint|p1a: Tapu Fini\n|\n|upkeep\n|\n|t:|1685579144\n|switch|p1a: Gigalith|Gigalith, L82, F|274\/274\n|-weather|Sandstorm|[from] ability: Sand Stream|[of] p1a: Gigalith\n|turn|17\n|\n|t:|1685579153\n|move|p2a: Arctovish|Fishious Rend|p1a: Gigalith\n|-supereffective|p1a: Gigalith\n|-damage|p1a: Gigalith|8\/274\n|move|p1a: Gigalith|Earthquake|p2a: Arctovish\n|-damage|p2a: Arctovish|178\/295\n|\n|-weather|Sandstorm|[upkeep]\n|-damage|p2a: Arctovish|160\/295|[from] Sandstorm\n|upkeep\n|turn|18\n|\n|t:|1685579163\n|move|p2a: Arctovish|Body Slam|p1a: Gigalith\n|-resisted|p1a: Gigalith\n|-damage|p1a: Gigalith|0 fnt\n|faint|p1a: Gigalith\n|\n|-weather|Sandstorm|[upkeep]\n|-damage|p2a: Arctovish|142\/295|[from] Sandstorm\n|-end|p2a: Arctovish|move: Taunt\n|upkeep\n|\n|t:|1685579167\n|switch|p1a: Slowking|Slowking, L86, F|304\/304\n|turn|19\n|\n|t:|1685579173\n|move|p2a: Arctovish|Body Slam|p1a: Slowking\n|-damage|p1a: Slowking|237\/304\n|-status|p1a: Slowking|par\n|move|p1a: Slowking|Teleport||[still]\n|-fail|p1a: Slowking\n|\n|-weather|Sandstorm|[upkeep]\n|-damage|p2a: Arctovish|124\/295|[from] Sandstorm\n|-damage|p1a: Slowking|218\/304 par|[from] Sandstorm\n|-heal|p1a: Slowking|237\/304 par|[from] item: Leftovers\n|upkeep\n|turn|20\n|\n|t:|1685579178\n|-start|p1a: Slowking|Dynamax|\n|-heal|p1a: Slowking|474\/608 par|[silent]\n|move|p1a: Slowking|Max Guard|p1a: Slowking\n|-singleturn|p1a: Slowking|Max Guard\n|move|p2a: Arctovish|Freeze-Dry|p1a: Slowking\n|-activate|p1a: Slowking|move: Max Guard\n|\n|-weather|Sandstorm|[upkeep]\n|-damage|p2a: Arctovish|106\/295|[from] Sandstorm\n|-damage|p1a: Slowking|455\/608 par|[from] Sandstorm\n|-heal|p1a: Slowking|474\/608 par|[from] item: Leftovers\n|upkeep\n|turn|21\n|\n|t:|1685579189\n|cant|p1a: Slowking|par\n|move|p2a: Arctovish|Freeze-Dry|p1a: Slowking\n|-supereffective|p1a: Slowking\n|-damage|p1a: Slowking|370\/608 par\n|\n|-weather|none\n|-heal|p1a: Slowking|389\/608 par|[from] item: Leftovers\n|upkeep\n|turn|22\n|\n|t:|1685579195\n|move|p1a: Slowking|Max Guard|p1a: Slowking\n|-singleturn|p1a: Slowking|Max Guard\n|move|p2a: Arctovish|Freeze-Dry|p1a: Slowking\n|-activate|p1a: Slowking|move: Max Guard\n|\n|-heal|p1a: Slowking|408\/608 par|[from] item: Leftovers\n|upkeep\n|-end|p1a: Slowking|Dynamax\n|-heal|p1a: Slowking|204\/304 par|[silent]\n|turn|23\n|\n|t:|1685579205\n|move|p2a: Arctovish|Freeze-Dry|p1a: Slowking\n|-supereffective|p1a: Slowking\n|-damage|p1a: Slowking|88\/304 par\n|move|p1a: Slowking|Teleport||[still]\n|-fail|p1a: Slowking\n|\n|-heal|p1a: Slowking|107\/304 par|[from] item: Leftovers\n|upkeep\n|turn|24\n|\n|t:|1685579212\n|move|p2a: Arctovish|Freeze-Dry|p1a: Slowking\n|-supereffective|p1a: Slowking\n|-damage|p1a: Slowking|0 fnt\n|faint|p1a: Slowking\n|\n|win|florencemoore\n","inputlog":">version df10212e8bfdc37bcabc8b288b8d2f3885a507ef\n>start {\"formatid\":\"gen8randombattle\",\"seed\":[21006,5675,33620,25627]}\n>player p1 {\"name\":\"flyingworkshop\",\"avatar\":\"dawn\",\"rating\":0,\"seed\":[8377,29175,56746,5114]}\n>player p2 {\"name\":\"florencemoore\",\"avatar\":\"169\",\"rating\":0,\"seed\":[15770,25918,36161,899]}\n>p1 move agility\n>p2 move freezedry\n>p1 move agility\n>p2 move freezedry\n>p1 move agility\n>p2 move freezedry\n>p1 move agility\n>p2 move freezedry\n>p1 switch 2\n>p1 move dragondance\n>p2 move iciclecrash\n>p1 move dragondance\n>p2 move iciclecrash\n>p1 switch 4\n>p1 move teleport\n>p2 move bodyslam\n>p1 switch 6\n>p1 move strengthsap\n>p2 move fishiousrend\n>p1 switch 5\n>p1 move taunt\n>p2 move bodyslam\n>p1 move calmmind\n>p2 move bodyslam\n>p1 move calmmind\n>p2 move freezedry\n>p1 move calmmind\n>p2 move freezedry\n>p1 move calmmind\n>p2 move freezedry\n>p1 move calmmind\n>p2 move freezedry\n>p1 move calmmind\n>p2 move freezedry\n>p1 move taunt\n>p2 move freezedry\n>p1 switch 3\n>p1 move earthquake\n>p2 move fishiousrend\n>p1 move earthquake\n>p2 move bodyslam\n>p1 switch 6\n>p1 move teleport\n>p2 move bodyslam\n>p1 move teleport dynamax\n>p2 move freezedry\n>p1 move toxic dynamax\n>p2 move freezedry\n>p1 move toxic dynamax\n>p2 move freezedry\n>p1 move teleport\n>p2 move freezedry\n>p1 move teleport\n>p2 move freezedry","uploadtime":1685579221,"views":1,"p1id":"flyingworkshop","p2id":"florencemoore","formatid":"gen8randombattle","rating":0,"private":0,"password":""}