|j|☆MichaelderBeste2
|j|☆Vitoran
|t:|1664378299
|gametype|singles
|player|p1|MichaelderBeste2|#wcop2021germany|2461
|player|p2|Vitoran|pokemonbreeder-gen4|2427
|teamsize|p1|6
|teamsize|p2|6
|gen|8
|tier|[Gen 8] Random Battle
|rated|
|rule|Species Clause: Limit one of each Pokémon
|rule|HP Percentage Mod: HP is shown in percentages
|rule|Sleep Clause Mod: Limit one foe put to sleep
|
|t:|1664378299
|start
|switch|p1a: Porygon-Z|Porygon-Z, L80|267/267
|switch|p2a: Blacephalon|Blacephalon, L80|215/215
|-ability|p1a: Porygon-Z|Download|boost
|-boost|p1a: Porygon-Z|atk|1
|turn|1
|c|☆Vitoran|glhf
|c|☆MichaelderBeste2|hf
|
|t:|1664378323
|move|p2a: Blacephalon|Fire Blast|p1a: Porygon-Z|[miss]
|-miss|p2a: Blacephalon|p1a: Porygon-Z
|move|p1a: Porygon-Z|Dark Pulse|p2a: Blacephalon
|-supereffective|p2a: Blacephalon
|-damage|p2a: Blacephalon|4/215
|-damage|p1a: Porygon-Z|241/267|[from] item: Life Orb
|
|upkeep
|turn|2
|
|t:|1664378328
|move|p2a: Blacephalon|Fire Blast|p1a: Porygon-Z
|-damage|p1a: Porygon-Z|75/267
|move|p1a: Porygon-Z|Thunderbolt|p2a: Blacephalon
|-damage|p2a: Blacephalon|0 fnt
|faint|p2a: Blacephalon
|-damage|p1a: Porygon-Z|49/267|[from] item: Life Orb
|
|upkeep
|
|t:|1664378335
|switch|p2a: Obstagoon|Obstagoon, L80, F|280/280
|turn|3
|inactive|Battle timer is ON: inactive players will automatically lose when time's up. (requested by Vitoran)
|
|t:|1664378352
|switch|p1a: Zamazenta|Zamazenta-Crowned, L71|248/248
|-ability|p1a: Zamazenta|Dauntless Shield|boost
|-boost|p1a: Zamazenta|def|1
|move|p2a: Obstagoon|Knock Off|p1a: Zamazenta
|-resisted|p1a: Zamazenta
|-damage|p1a: Zamazenta|233/248
|
|-status|p2a: Obstagoon|brn|[from] item: Flame Orb
|upkeep
|turn|4
|j| spreading love
|
|t:|1664378372
|switch|p2a: Jirachi|Jirachi, L79|288/288
|move|p1a: Zamazenta|Close Combat|p2a: Jirachi
|-damage|p2a: Jirachi|177/288
|-unboost|p1a: Zamazenta|def|1
|-unboost|p1a: Zamazenta|spd|1
|
|-heal|p2a: Jirachi|195/288|[from] item: Leftovers
|upkeep
|turn|5
|
|t:|1664378379
|move|p1a: Zamazenta|Close Combat|p2a: Jirachi
|-damage|p2a: Jirachi|77/288
|-unboost|p1a: Zamazenta|def|1
|-unboost|p1a: Zamazenta|spd|1
|move|p2a: Jirachi|Fire Punch|p1a: Zamazenta
|-supereffective|p1a: Zamazenta
|-damage|p1a: Zamazenta|111/248
|-status|p1a: Zamazenta|brn
|
|-heal|p2a: Jirachi|95/288|[from] item: Leftovers
|-damage|p1a: Zamazenta|96/248 brn|[from] brn
|upkeep
|turn|6
|
|t:|1664378387
|switch|p1a: Meowstic|Meowstic-F, L86, F|268/268
|move|p2a: Jirachi|Fire Punch|p1a: Meowstic
|-damage|p1a: Meowstic|210/268
|-status|p1a: Meowstic|brn
|
|-heal|p2a: Jirachi|113/288|[from] item: Leftovers
|-damage|p1a: Meowstic|194/268 brn|[from] brn
|upkeep
|turn|7
|c|☆MichaelderBeste2|LOL
|
|t:|1664378395
|move|p1a: Meowstic|Shadow Ball|p2a: Jirachi
|-supereffective|p2a: Jirachi
|-damage|p2a: Jirachi|0 fnt
|faint|p2a: Jirachi
|-damage|p1a: Meowstic|168/268 brn|[from] item: Life Orb
|
|-damage|p1a: Meowstic|152/268 brn|[from] brn
|upkeep
|
|t:|1664378405
|switch|p2a: Obstagoon|Obstagoon, L80, F|280/280 brn
|turn|8
|
|t:|1664378417
|switch|p1a: Zamazenta|Zamazenta-Crowned, L71|96/248 brn
|-ability|p1a: Zamazenta|Dauntless Shield|boost
|-boost|p1a: Zamazenta|def|1
|move|p2a: Obstagoon|Facade|p1a: Zamazenta
|-resisted|p1a: Zamazenta
|-damage|p1a: Zamazenta|47/248 brn
|
|-damage|p1a: Zamazenta|32/248 brn|[from] brn
|-damage|p2a: Obstagoon|263/280 brn|[from] brn
|upkeep
|turn|9
|
|t:|1664378426
|switch|p1a: Copperajah|Copperajah, L84, M|342/342
|switch|p2a: Carracosta|Carracosta, L84, M|262/262
|
|upkeep
|turn|10
|
|t:|1664378441
|move|p2a: Carracosta|Hydro Pump|p1a: Copperajah
|-damage|p1a: Copperajah|221/342
|move|p1a: Copperajah|Heavy Slam|p2a: Carracosta
|-damage|p2a: Carracosta|90/262
|
|upkeep
|turn|11
|
|t:|1664378447
|move|p2a: Carracosta|Hydro Pump|p1a: Copperajah
|-damage|p1a: Copperajah|106/342
|move|p1a: Copperajah|Heavy Slam|p2a: Carracosta
|-damage|p2a: Carracosta|0 fnt
|faint|p2a: Carracosta
|
|upkeep
|
|t:|1664378453
|switch|p2a: Obstagoon|Obstagoon, L80, F|263/280 brn
|turn|12
|
|t:|1664378478
|switch|p1a: Porygon-Z|Porygon-Z, L80|49/267
|-ability|p1a: Porygon-Z|Download|boost
|-boost|p1a: Porygon-Z|spa|1
|move|p2a: Obstagoon|Knock Off|p1a: Porygon-Z
|-damage|p1a: Porygon-Z|0 fnt
|-enditem|p1a: Porygon-Z|Life Orb|[from] move: Knock Off|[of] p2a: Obstagoon
|faint|p1a: Porygon-Z
|
|-damage|p2a: Obstagoon|246/280 brn|[from] brn
|upkeep
|
|t:|1664378483
|switch|p1a: Zamazenta|Zamazenta-Crowned, L71|32/248 brn
|-ability|p1a: Zamazenta|Dauntless Shield|boost
|-boost|p1a: Zamazenta|def|1
|turn|13
|
|t:|1664378499
|switch|p2a: Kyurem|Kyurem, L80|331/331
|-ability|p2a: Kyurem|Pressure
|move|p1a: Zamazenta|Close Combat|p2a: Kyurem
|-supereffective|p2a: Kyurem
|-damage|p2a: Kyurem|205/331
|-unboost|p1a: Zamazenta|def|1
|-unboost|p1a: Zamazenta|spd|1
|
|-damage|p1a: Zamazenta|17/248 brn|[from] brn
|upkeep
|turn|14
|
|t:|1664378513
|switch|p1a: Skuntank|Skuntank, L85, F|314/314
|move|p2a: Kyurem|Roost|p2a: Kyurem
|-heal|p2a: Kyurem|331/331
|-singleturn|p2a: Kyurem|move: Roost
|
|upkeep
|turn|15
|j| Strange Journey
|
|t:|1664378526
|move|p2a: Kyurem|Substitute|p2a: Kyurem
|-start|p2a: Kyurem|Substitute
|-damage|p2a: Kyurem|249/331
|move|p1a: Skuntank|Poison Jab|p2a: Kyurem
|-end|p2a: Kyurem|Substitute
|
|upkeep
|turn|16
|
|t:|1664378535
|move|p2a: Kyurem|Earth Power|p1a: Skuntank
|-supereffective|p1a: Skuntank
|-damage|p1a: Skuntank|122/314
|-unboost|p1a: Skuntank|spd|1
|move|p1a: Skuntank|Poison Jab|p2a: Kyurem
|-damage|p2a: Kyurem|158/331
|
|-heal|p1a: Skuntank|141/314|[from] item: Black Sludge
|upkeep
|turn|17
|
|t:|1664378542
|move|p2a: Kyurem|Roost|p2a: Kyurem
|-heal|p2a: Kyurem|324/331
|-singleturn|p2a: Kyurem|move: Roost
|move|p1a: Skuntank|Poison Jab|p2a: Kyurem
|-damage|p2a: Kyurem|231/331
|
|-heal|p1a: Skuntank|160/314|[from] item: Black Sludge
|upkeep
|turn|18
|
|t:|1664378545
|move|p1a: Skuntank|Sucker Punch|p2a: Kyurem
|-damage|p2a: Kyurem|159/331
|move|p2a: Kyurem|Earth Power|p1a: Skuntank
|-supereffective|p1a: Skuntank
|-damage|p1a: Skuntank|0 fnt
|faint|p1a: Skuntank
|
|upkeep
|j| Elekzet
|
|t:|1664378550
|switch|p1a: Beartic|Beartic, L86, F|303/303
|turn|19
|
|t:|1664378558
|move|p2a: Kyurem|Earth Power|p1a: Beartic
|-damage|p1a: Beartic|218/303
|move|p1a: Beartic|Superpower|p2a: Kyurem
|-supereffective|p2a: Kyurem
|-damage|p2a: Kyurem|0 fnt
|-unboost|p1a: Beartic|atk|1
|-unboost|p1a: Beartic|def|1
|faint|p2a: Kyurem
|-damage|p1a: Beartic|188/303|[from] item: Life Orb
|
|upkeep
|j| 35Q71N
|inactive|Vitoran has 120 seconds left.
|j| Moshesh Is HIM
|inactive|Vitoran has 90 seconds left.
|
|t:|1664378645
|switch|p2a: Cinderace|Cinderace, L74, M|239/239
|turn|20
|inactive|Vitoran has 60 seconds left.
|inactive|MichaelderBeste2 has 120 seconds left.
|
|t:|1664378676
|-start|p1a: Beartic|Dynamax|
|-heal|p1a: Beartic|376/606|[silent]
|move|p2a: Cinderace|Pyro Ball|p1a: Beartic
|-supereffective|p1a: Beartic
|-damage|p1a: Beartic|0 fnt
|faint|p1a: Beartic
|
|upkeep
|inactive|MichaelderBeste2 has 120 seconds left.
|c|☆MichaelderBeste2|welp
|
|t:|1664378688
|switch|p1a: Meowstic|Meowstic-F, L86, F|152/268 brn
|turn|21
|c| spreading love|nice dmax
|c| spreading love|xD
|c|☆MichaelderBeste2|yeah
|inactive|Vitoran has 60 seconds left.
|c|☆MichaelderBeste2|ie he uses bulk up
|c|☆MichaelderBeste2|I lose
|inactive|MichaelderBeste2 has 120 seconds left.
|c| 35Q71N|I had a message ready, but I am very glad I deleted it
|inactive|Vitoran has 30 seconds left.
|c|☆MichaelderBeste2|and if it's non cb
|c|☆MichaelderBeste2|this was a max roll
|
|t:|1664378740
|-start|p2a: Cinderace|Dynamax|
|-heal|p2a: Cinderace|478/478|[silent]
|move|p1a: Meowstic|Psychic|p2a: Cinderace
|-damage|p2a: Cinderace|332/478
|-damage|p1a: Meowstic|126/268 brn|[from] item: Life Orb
|move|p2a: Cinderace|Max Flare|p1a: Meowstic
|-damage|p1a: Meowstic|0 fnt
|-weather|SunnyDay
|faint|p1a: Meowstic
|
|-weather|SunnyDay|[upkeep]
|upkeep
|inactive|Vitoran has 30 seconds left this turn.
|l| Strange Journey
|inactive|MichaelderBeste2 has 90 seconds left.
|c|☆MichaelderBeste2|what was it?
|c|☆Vitoran|cb
|
|t:|1664378765
|switch|p1a: Zamazenta|Zamazenta-Crowned, L71|17/248 brn
|-ability|p1a: Zamazenta|Dauntless Shield|boost
|-boost|p1a: Zamazenta|def|1
|turn|22
|c|☆MichaelderBeste2|ye
|c|☆MichaelderBeste2|gg
|inactive|MichaelderBeste2 has 90 seconds left.
|c|☆Vitoran|gg
|-message|MichaelderBeste2 forfeited.
|
|win|Vitoran
|raw|MichaelderBeste2's rating: 2461 &rarr; <strong>2439</strong><br />(-22 for losing)
|raw|Vitoran's rating: 2427 &rarr; <strong>2449</strong><br />(+22 for winning)
|l|☆MichaelderBeste2
|c| spreading love|ez
|c| 35Q71N|ggs!
|l| spreading love
|c|☆Vitoran|tyty
|c| 35Q71N|I wanted to say "Avenge me!"
|c|☆Vitoran|jirachi insta burn was a lifesaver
|c| 35Q71N|But then I saw you had two mons XD
|c|☆Vitoran|i had not switch in for zama otherwise
||Ladder isn't responding, score probably updated but might not have (Request timeout).
