|j|☆Mjtruce
|j|☆LordSenju91
|t:|1684303994
|gametype|singles
|player|p1|Mjtruce|266|
|player|p2|LordSenju91|drayden|
|teamsize|p1|6
|teamsize|p2|6
|gen|8
|tier|[Gen 8] Random Battle
|rule|Species Clause: Limit one of each Pokémon
|rule|HP Percentage Mod: HP is shown in percentages
|rule|Sleep Clause Mod: Limit one foe put to sleep
|
|t:|1684303994
|start
|switch|p1a: Krookodile|Krookodile, L78, F|276/276
|switch|p2a: Xerneas|Xerneas, L67|280/280
|-ability|p1a: Krookodile|Intimidate|boost
|-unboost|p2a: Xerneas|atk|1
|-ability|p2a: Xerneas|Fairy Aura
|turn|1
|
|t:|1684304023
|move|p1a: Krookodile|Knock Off|p2a: Xerneas
|-resisted|p2a: Xerneas
|-damage|p2a: Xerneas|220/280
|-enditem|p2a: Xerneas|Power Herb|[from] move: Knock Off|[of] p1a: Krookodile
|move|p2a: Xerneas|Geomancy||[still]
|-prepare|p2a: Xerneas|Geomancy
|
|upkeep
|turn|2
|
|t:|1684304068
|switch|p1a: Ditto|Ditto, L76|198/198
|-transform|p1a: Ditto|p2a: Xerneas|[from] ability: Imposter
|-ability|p1a: Ditto|Fairy Aura
|move|p2a: Xerneas|Geomancy|p2a: Xerneas|[from]lockedmove
|-boost|p2a: Xerneas|spa|2
|-boost|p2a: Xerneas|spd|2
|-boost|p2a: Xerneas|spe|2
|
|upkeep
|turn|3
|
|t:|1684304093
|move|p2a: Xerneas|Moonblast|p1a: Ditto
|-damage|p1a: Ditto|0 fnt
|faint|p1a: Ditto
|
|upkeep
|
|t:|1684304099
|switch|p1a: Tapu Fini|Tapu Fini, L78|237/237
|-fieldstart|move: Misty Terrain|[from] ability: Misty Surge|[of] p1a: Tapu Fini
|turn|4
|
|t:|1684304116
|move|p2a: Xerneas|Moonblast|p1a: Tapu Fini
|-damage|p1a: Tapu Fini|54/237
|-unboost|p1a: Tapu Fini|spa|1
|move|p1a: Tapu Fini|Defog|p2a: Xerneas
|-unboost|p2a: Xerneas|evasion|1
|-fieldend|Misty Terrain
|
|-heal|p1a: Tapu Fini|68/237|[from] item: Leftovers
|upkeep
|turn|5
|
|t:|1684304137
|switch|p1a: Shiinotic|Shiinotic, L86, M|243/243
|move|p2a: Xerneas|Moonblast|p1a: Shiinotic
|-damage|p1a: Shiinotic|63/243
|-unboost|p1a: Shiinotic|spa|1
|
|-heal|p1a: Shiinotic|78/243|[from] item: Leftovers
|upkeep
|turn|6
|
|t:|1684304151
|move|p2a: Xerneas|Moonblast|p1a: Shiinotic
|-damage|p1a: Shiinotic|0 fnt
|faint|p1a: Shiinotic
|
|upkeep
|
|t:|1684304157
|switch|p1a: Blastoise|Blastoise, L82, M|264/264
|turn|7
|
|t:|1684304163
|-start|p2a: Xerneas|Dynamax|
|-heal|p2a: Xerneas|440/560|[silent]
|move|p2a: Xerneas|Max Starfall|p1a: Blastoise
|-damage|p1a: Blastoise|0 fnt
|-fieldstart|move: Misty Terrain
|faint|p1a: Blastoise
|
|upkeep
|-message|Mjtruce forfeited.
|
|win|LordSenju91
|l|☆Mjtruce
