{"id": "gen8randombattle-1873004364", "p1": "Fbirdo", "p2": "Estebanthe1", "format": "[Gen 8] Random Battle", "log": "|j|\u2606Fbirdo\n|j|\u2606Estebanthe1\n|t:|1685311171\n|gametype|singles\n|player|p1|Fbirdo|101|1281\n|player|p2|Estebanthe1|102|1388\n|teamsize|p1|6\n|teamsize|p2|6\n|gen|8\n|tier|[Gen 8] Random Battle\n|rated|\n|rule|Species Clause: Limit one of each Pok\u00e9mon\n|rule|HP Percentage Mod: HP is shown in percentages\n|rule|Sleep Clause Mod: Limit one foe put to sleep\n|\n|t:|1685311171\n|start\n|switch|p1a: Genesect|Genesect, L74|227/227\n|switch|p2a: Doublade|Doublade, L82, M|231/231\n|-ability|p1a: Genesect|Download|boost\n|-boost|p1a: Genesect|spa|1\n|turn|1\n|inactive|Battle timer is ON: inactive players will automatically lose when time's up. (requested by Estebanthe1)\n|\n|t:|1685311197\n|switch|p1a: Cramorant|Cramorant, L84, F|255/255\n|switch|p2a: Noivern|Noivern, L82, F|274/274\n|\n|upkeep\n|turn|2\n|\n|t:|1685311205\n|move|p2a: Noivern|Hurricane|p1a: Cramorant|[miss]\n|-miss|p2a: Noivern|p1a: Cramorant\n|move|p1a: Cramorant|Surf|p2a: Noivern\n|-formechange|p1a: Cramorant|Cramorant-Gulping|\n|-resisted|p2a: Noivern\n|-damage|p2a: Noivern|223/274\n|\n|upkeep\n|turn|3\n|\n|t:|1685311213\n|move|p2a: Noivern|Hurricane|p1a: Cramorant|[miss]\n|-miss|p2a: Noivern|p1a: Cramorant\n|move|p1a: Cramorant|Roost||[still]\n|-fail|p1a: Cramorant|heal\n|\n|upkeep\n|turn|4\n|\n|t:|1685311226\n|move|p2a: Noivern|Hurricane|p1a: Cramorant\n|-damage|p1a: Cramorant|155/255\n|-start|p1a: Cramorant|confusion\n|-damage|p2a: Noivern|155/274|[from] ability: Gulp Missile|[of] p1a: Cramorant\n|-unboost|p2a: Noivern|def|1\n|-formechange|p1a: Cramorant|Cramorant|\n|-activate|p1a: Cramorant|confusion\n|move|p1a: Cramorant|Surf|p2a: Noivern\n|-formechange|p1a: Cramorant|Cramorant-Gulping|\n|-resisted|p2a: Noivern\n|-damage|p2a: Noivern|109/274\n|\n|upkeep\n|turn|5\n|\n|t:|1685311238\n|switch|p2a: Metagross|Metagross, L79|256/256\n|-activate|p1a: Cramorant|confusion\n|-damage|p1a: Cramorant|121/255|[from] confusion\n|\n|upkeep\n|turn|6\n|\n|t:|1685311248\n|-end|p1a: Cramorant|confusion\n|move|p1a: Cramorant|Roost|p1a: Cramorant\n|-heal|p1a: Cramorant|249/255\n|-singleturn|p1a: Cramorant|move: Roost\n|move|p2a: Metagross|Agility|p2a: Metagross\n|-boost|p2a: Metagross|spe|2\n|\n|upkeep\n|turn|7\n|\n|t:|1685311257\n|move|p2a: Metagross|Thunder Punch|p1a: Cramorant\n|-supereffective|p1a: Cramorant\n|-damage|p1a: Cramorant|0 fnt\n|-damage|p2a: Metagross|192/256|[from] ability: Gulp Missile|[of] p1a: Cramorant\n|-fail|p2a: Metagross|unboost|[from] ability: Clear Body|[of] p2a: Metagross\n|-formechange|p1a: Cramorant|Cramorant|\n|faint|p1a: Cramorant\n|\n|upkeep\n|\n|t:|1685311284\n|switch|p1a: Registeel|Registeel, L83|268/268\n|turn|8\n|\n|t:|1685311295\n|-start|p2a: Metagross|Dynamax|\n|-heal|p2a: Metagross|384/512|[silent]\n|move|p2a: Metagross|Max Quake|p1a: Registeel\n|-supereffective|p1a: Registeel\n|-crit|p1a: Registeel\n|-damage|p1a: Registeel|70/268\n|-boost|p2a: Metagross|spd|1\n|move|p1a: Registeel|Iron Head|p2a: Metagross\n|-resisted|p2a: Metagross\n|-damage|p2a: Metagross|359/512\n|\n|-heal|p1a: Registeel|86/268|[from] item: Leftovers\n|upkeep\n|turn|9\n|\n|t:|1685311309\n|switch|p1a: Emolga|Emolga, L88, F|240/240\n|move|p2a: Metagross|Max Steelspike|p1a: Emolga\n|-resisted|p1a: Emolga\n|-damage|p1a: Emolga|146/240\n|-boost|p2a: Metagross|def|1\n|\n|upkeep\n|turn|10\n|\n|t:|1685311319\n|switch|p1a: Genesect|Genesect, L74|227/227\n|-ability|p1a: Genesect|Download|boost\n|-boost|p1a: Genesect|spa|1\n|move|p2a: Metagross|Max Steelspike|p1a: Genesect\n|-resisted|p1a: Genesect\n|-damage|p1a: Genesect|140/227\n|-boost|p2a: Metagross|def|1\n|\n|upkeep\n|-end|p2a: Metagross|Dynamax\n|-heal|p2a: Metagross|180/256|[silent]\n|turn|11\n|inactive|Fbirdo has 120 seconds left.\n|\n|t:|1685311336\n|move|p2a: Metagross|Earthquake|p1a: Genesect\n|-damage|p1a: Genesect|58/227\n|move|p1a: Genesect|Leech Life|p2a: Metagross\n|-damage|p2a: Metagross|140/256\n|-heal|p1a: Genesect|78/227|[from] drain|[of] p2a: Metagross\n|-damage|p1a: Genesect|56/227|[from] item: Life Orb\n|\n|upkeep\n|turn|12\n|inactive|Fbirdo has 120 seconds left.\n|\n|t:|1685311354\n|switch|p1a: Emolga|Emolga, L88, F|146/240\n|move|p2a: Metagross|Meteor Mash|p1a: Emolga\n|-resisted|p1a: Emolga\n|-damage|p1a: Emolga|75/240\n|-boost|p2a: Metagross|atk|1\n|\n|upkeep\n|turn|13\n|inactive|Fbirdo has 120 seconds left.\n|\n|t:|1685311365\n|move|p2a: Metagross|Meteor Mash|p1a: Emolga\n|-resisted|p1a: Emolga\n|-damage|p1a: Emolga|0 fnt\n|-boost|p2a: Metagross|atk|1\n|faint|p1a: Emolga\n|\n|upkeep\n|\n|t:|1685311373\n|switch|p1a: Registeel|Registeel, L83|86/268\n|turn|14\n|inactive|Fbirdo has 120 seconds left.\n|\n|t:|1685311387\n|move|p2a: Metagross|Earthquake|p1a: Registeel\n|-supereffective|p1a: Registeel\n|-damage|p1a: Registeel|0 fnt\n|faint|p1a: Registeel\n|\n|upkeep\n|\n|t:|1685311392\n|switch|p1a: Genesect|Genesect, L74|56/227\n|-ability|p1a: Genesect|Download|boost\n|-boost|p1a: Genesect|spa|1\n|turn|15\n|\n|t:|1685311397\n|move|p2a: Metagross|Earthquake|p1a: Genesect\n|-damage|p1a: Genesect|0 fnt\n|faint|p1a: Genesect\n|\n|upkeep\n|\n|t:|1685311401\n|switch|p1a: Gardevoir|Gardevoir, L82, F|246/246\n|-ability|p1a: Gardevoir|Clear Body|[from] ability: Trace|[of] p2a: Metagross\n|turn|16\n|\n|t:|1685311408\n|move|p2a: Metagross|Meteor Mash|p1a: Gardevoir\n|-supereffective|p1a: Gardevoir\n|-damage|p1a: Gardevoir|0 fnt\n|faint|p1a: Gardevoir\n|\n|upkeep\n|\n|t:|1685311413\n|switch|p1a: Carbink|Carbink, L86|226/226\n|turn|17\n|c|\u2606Fbirdo|Welp\n|\n|t:|1685311432\n|move|p2a: Metagross|Earthquake|p1a: Carbink\n|-supereffective|p1a: Carbink\n|-damage|p1a: Carbink|28/226\n|move|p1a: Carbink|Body Press|p2a: Metagross\n|-damage|p2a: Metagross|109/256\n|\n|upkeep\n|turn|18\n|c|\u2606Estebanthe1|gg\n|\n|t:|1685311440\n|move|p2a: Metagross|Earthquake|p1a: Carbink\n|-supereffective|p1a: Carbink\n|-crit|p1a: Carbink\n|-damage|p1a: Carbink|0 fnt\n|faint|p1a: Carbink\n|\n|win|Estebanthe1\n|raw|Fbirdo's rating: 1281 &rarr; <strong>1263</strong><br />(-18 for losing)\n|raw|Estebanthe1's rating: 1388 &rarr; <strong>1402</strong><br />(+14 for winning)\n|l|\u2606Fbirdo\n", "inputlog": ">version d74822bbc74c095aa312053f7034baee3068d99e\n>start {\"formatid\":\"gen8randombattle\",\"seed\":[36381,8898,39866,49545],\"rated\":\"Rated battle\"}\n>player p1 {\"name\":\"Fbirdo\",\"avatar\":\"101\",\"rating\":1281,\"seed\":[39670,3816,48251,59200]}\n>player p2 {\"name\":\"Estebanthe1\",\"avatar\":\"102\",\"rating\":1388,\"seed\":[54019,21633,57959,56585]}\n>p1 switch 5\n>p2 switch 3\n>p1 move surf\n>p2 move hurricane\n>p1 move roost\n>p2 move hurricane\n>p1 move surf\n>p2 move hurricane\n>p1 move roost\n>p2 switch 4\n>p1 move roost\n>p2 move agility\n>p1 move surf\n>p2 move thunderpunch\n>p1 switch 4\n>p1 move ironhead\n>p2 move earthquake dynamax\n>p1 switch 2\n>p2 move meteormash dynamax\n>p1 switch 5\n>p2 move meteormash dynamax\n>p1 move leechlife\n>p2 move earthquake\n>p1 switch 5\n>p2 move meteormash\n>p1 move airslash\n>p2 move meteormash\n>p1 switch 2\n>p1 move rest\n>p2 move earthquake\n>p1 switch 5\n>p1 move leechlife\n>p2 move earthquake\n>p1 switch 6\n>p1 move mysticalfire\n>p2 move meteormash\n>p1 switch 3\n>chat \u2606Fbirdo|Welp\n>p1 move bodypress\n>p2 move earthquake\n>chat \u2606Estebanthe1|gg\n>p1 move moonblast\n>p2 move earthquake", "uploadtime": 1685311450, "views": 3, "p1id": "fbirdo", "p2id": "estebanthe1", "formatid": "gen8randombattle", "rating": 1263, "private": 0, "password": ""}