{"id": "gen8randombattle-1865767910", "p1": "Sharath47", "p2": "hex1234", "format": "[Gen 8] Random Battle", "log": "|j|\u2606Sharath47\n|j|\u2606hex1234\n|t:|1684336150\n|gametype|singles\n|player|p1|Sharath47|266|\n|player|p2|hex1234|red|\n|teamsize|p1|6\n|teamsize|p2|6\n|gen|8\n|tier|[Gen 8] Random Battle\n|rule|Species Clause: Limit one of each Pok\u00e9mon\n|rule|HP Percentage Mod: HP is shown in percentages\n|rule|Sleep Clause Mod: Limit one foe put to sleep\n|\n|t:|1684336150\n|start\n|switch|p1a: Aerodactyl|Aerodactyl, L82, F|265/265\n|switch|p2a: Naganadel|Naganadel, L74|230/230\n|-ability|p1a: Aerodactyl|Unnerve\n|turn|1\n|j| yukiii512\n|j| PUNITH47\n|\n|t:|1684336244\n|move|p1a: Aerodactyl|Earthquake|p2a: Naganadel\n|-supereffective|p2a: Naganadel\n|-damage|p2a: Naganadel|40/230\n|move|p2a: Naganadel|Sludge Wave|p1a: Aerodactyl\n|-resisted|p1a: Aerodactyl\n|-damage|p1a: Aerodactyl|186/265\n|-damage|p2a: Naganadel|17/230|[from] item: Life Orb\n|\n|upkeep\n|turn|2\n|\n|t:|1684336261\n|switch|p2a: Excadrill|Excadrill, L78, M|300/300\n|move|p1a: Aerodactyl|Earthquake|p2a: Excadrill\n|-supereffective|p2a: Excadrill\n|-damage|p2a: Excadrill|102/300\n|\n|upkeep\n|turn|3\n|\n|t:|1684336277\n|move|p1a: Aerodactyl|Earthquake|p2a: Excadrill\n|-supereffective|p2a: Excadrill\n|-damage|p2a: Excadrill|0 fnt\n|faint|p2a: Excadrill\n|\n|upkeep\n|\n|t:|1684336305\n|switch|p2a: Throh|Throh, L86, M|347/347\n|turn|4\n|\n|t:|1684336322\n|move|p1a: Aerodactyl|Dual Wingbeat|p2a: Throh|[miss]\n|-miss|p1a: Aerodactyl|p2a: Throh\n|move|p2a: Throh|Circle Throw|p1a: Aerodactyl\n|-crit|p1a: Aerodactyl\n|-damage|p1a: Aerodactyl|63/265\n|drag|p1a: Cherrim|Cherrim, L93, F|281/281\n|\n|upkeep\n|turn|5\n|\n|t:|1684336380\n|move|p1a: Cherrim|Petal Dance|p2a: Throh\n|-damage|p2a: Throh|202/347\n|move|p2a: Throh|Circle Throw|p1a: Cherrim\n|-damage|p1a: Cherrim|206/281\n|drag|p1a: Seismitoad|Seismitoad, L84, F|314/314\n|\n|-heal|p2a: Throh|223/347|[from] item: Leftovers\n|upkeep\n|turn|6\n|\n|t:|1684336448\n|move|p1a: Seismitoad|Liquidation|p2a: Throh\n|-damage|p2a: Throh|106/347\n|-damage|p1a: Seismitoad|283/314|[from] item: Life Orb\n|move|p2a: Throh|Circle Throw|p1a: Seismitoad\n|-damage|p1a: Seismitoad|205/314\n|drag|p1a: Jirachi|Jirachi, L79|288/288\n|\n|-heal|p2a: Throh|127/347|[from] item: Leftovers\n|upkeep\n|turn|7\n|\n|t:|1684336486\n|move|p1a: Jirachi|Toxic|p2a: Throh\n|-status|p2a: Throh|tox\n|move|p2a: Throh|Circle Throw|p1a: Jirachi\n|-damage|p1a: Jirachi|186/288\n|drag|p1a: Exeggutor|Exeggutor-Alola, L87, M|307/307\n|-item|p2a: Throh|Leftovers|[from] ability: Frisk|[of] p1a: Exeggutor|[identify]\n|\n|-heal|p2a: Throh|148/347 tox|[from] item: Leftovers\n|-damage|p2a: Throh|127/347 tox|[from] psn\n|upkeep\n|turn|8\n|\n|t:|1684336524\n|move|p1a: Exeggutor|Giga Drain|p2a: Throh\n|-crit|p2a: Throh\n|-damage|p2a: Throh|0 fnt\n|faint|p2a: Throh\n|\n|upkeep\n|\n|t:|1684336540\n|switch|p2a: Bewear|Bewear, L82, F|331/331\n|turn|9\n|\n|t:|1684336573\n|move|p2a: Bewear|Swords Dance|p2a: Bewear\n|-boost|p2a: Bewear|atk|2\n|move|p1a: Exeggutor|Giga Drain|p2a: Bewear\n|-damage|p2a: Bewear|142/331\n|\n|upkeep\n|turn|10\n|\n|t:|1684336611\n|move|p2a: Bewear|Double-Edge|p1a: Exeggutor\n|-damage|p1a: Exeggutor|0 fnt\n|faint|p1a: Exeggutor\n|-damage|p2a: Bewear|41/331|[from] Recoil\n|-damage|p2a: Bewear|8/331|[from] item: Life Orb\n|\n|upkeep\n|\n|t:|1684336645\n|switch|p1a: Cherrim|Cherrim, L93, F|206/281\n|turn|11\n|\n|t:|1684336681\n|move|p1a: Cherrim|Healing Wish|p1a: Cherrim\n|faint|p1a: Cherrim\n|move|p2a: Bewear|Darkest Lariat|p1: Cherrim|[notarget]\n|-fail|p2a: Bewear\n|\n|upkeep\n|\n|t:|1684336760\n|switch|p1a: Seismitoad|Seismitoad, L84, F|205/314\n|-heal|p1a: Seismitoad|314/314|[from] move: Healing Wish\n|turn|12\n|\n|t:|1684336827\n|move|p1a: Seismitoad|Liquidation|p2a: Bewear\n|-damage|p2a: Bewear|0 fnt\n|faint|p2a: Bewear\n|-damage|p1a: Seismitoad|283/314|[from] item: Life Orb\n|\n|upkeep\n|l|\u2606hex1234\n|player|p2|\n|j|\u2606hex1234\n|player|p2|hex1234|red\n|\n|t:|1684336900\n|switch|p2a: Scyther|Scyther, L81, M|245/245\n|turn|13\n|\n|t:|1684336985\n|move|p2a: Scyther|Knock Off|p1a: Seismitoad\n|-damage|p1a: Seismitoad|158/314\n|-enditem|p1a: Seismitoad|Life Orb|[from] move: Knock Off|[of] p2a: Scyther\n|move|p1a: Seismitoad|Rain Dance|p1a: Seismitoad\n|-weather|RainDance\n|\n|-weather|RainDance|[upkeep]\n|upkeep\n|turn|14\n|\n|t:|1684336994\n|move|p1a: Seismitoad|Liquidation|p2a: Scyther\n|-damage|p2a: Scyther|94/245\n|move|p2a: Scyther|Knock Off|p1a: Seismitoad\n|-damage|p1a: Seismitoad|81/314\n|\n|-weather|RainDance|[upkeep]\n|upkeep\n|turn|15\n|\n|t:|1684337002\n|move|p1a: Seismitoad|Liquidation|p2a: Scyther\n|-crit|p2a: Scyther\n|-damage|p2a: Scyther|0 fnt\n|faint|p2a: Scyther\n|\n|-weather|RainDance|[upkeep]\n|upkeep\n|\n|t:|1684337011\n|switch|p2a: Dragapult|Dragapult, L78, F|265/265\n|turn|16\n|\n|t:|1684337026\n|move|p1a: Seismitoad|Earthquake|p2a: Dragapult\n|-crit|p2a: Dragapult\n|-damage|p2a: Dragapult|69/265\n|move|p2a: Dragapult|Thunderbolt|p1a: Seismitoad\n|-immune|p1a: Seismitoad\n|\n|-weather|RainDance|[upkeep]\n|upkeep\n|turn|17\n|\n|t:|1684337048\n|-start|p2a: Dragapult|Dynamax|\n|-heal|p2a: Dragapult|138/530|[silent]\n|move|p1a: Seismitoad|Earthquake|p2a: Dragapult\n|-damage|p2a: Dragapult|6/530\n|move|p2a: Dragapult|Max Lightning|p1a: Seismitoad\n|-immune|p1a: Seismitoad\n|\n|-weather|none\n|upkeep\n|turn|18\n|\n|t:|1684337089\n|move|p2a: Dragapult|Max Phantasm|p1a: Seismitoad\n|-damage|p1a: Seismitoad|0 fnt\n|faint|p1a: Seismitoad\n|\n|upkeep\n|\n|t:|1684337168\n|switch|p1a: Jirachi|Jirachi, L79|186/288\n|turn|19\n|\n|t:|1684337190\n|move|p2a: Dragapult|Max Lightning|p1a: Jirachi\n|-damage|p1a: Jirachi|110/288\n|-fieldstart|move: Electric Terrain\n|move|p1a: Jirachi|Fire Punch|p2a: Dragapult\n|-resisted|p2a: Dragapult\n|-damage|p2a: Dragapult|0 fnt\n|faint|p2a: Dragapult\n|\n|-heal|p1a: Jirachi|128/288|[from] item: Leftovers\n|upkeep\n|\n|t:|1684337201\n|switch|p2a: Naganadel|Naganadel, L74|17/230\n|turn|20\n|\n|t:|1684337250\n|switch|p1a: Tentacruel|Tentacruel, L84, F|272/272\n|move|p2a: Naganadel|Fire Blast|p1a: Tentacruel\n|-resisted|p1a: Tentacruel\n|-damage|p1a: Tentacruel|237/272\n|-damage|p2a: Naganadel|0 fnt|[from] item: Life Orb\n|faint|p2a: Naganadel\n|\n|win|Sharath47\n|l| yukiii512\n|l|\u2606hex1234\n", "inputlog": ">version 3f967b429d9dd76d8eb692efdd7dfe9038092d20\n>start {\"formatid\":\"gen8randombattle\",\"seed\":[28970,57343,22596,2212]}\n>player p1 {\"name\":\"Sharath47\",\"avatar\":\"266\",\"rating\":0,\"seed\":[11219,11116,17489,55915]}\n>player p2 {\"name\":\"hex1234\",\"avatar\":\"red\",\"rating\":0,\"seed\":[29735,39701,56215,6013]}\n>p1 move earthquake\n>p2 move sludgewave\n>p1 move earthquake\n>p2 switch 4\n>p1 move earthquake\n>p2 move earthquake\n>p2 switch 5\n>p1 move dualwingbeat\n>p2 move circlethrow\n>p1 move petaldance\n>p2 move circlethrow\n>p1 move liquidation\n>p2 move circlethrow\n>p1 move toxic\n>p2 move circlethrow\n>p1 move gigadrain\n>p2 move bulkup\n>p2 switch 3\n>p1 move gigadrain\n>p2 move swordsdance\n>p1 move gigadrain\n>p2 move doubleedge\n>p1 switch 5\n>p1 move healingwish\n>p2 move darkestlariat\n>p1 switch 2\n>p1 move liquidation\n>p2 move doubleedge\n>p2 switch 2\n>p1 move raindance\n>p2 move knockoff\n>p1 move liquidation\n>p2 move knockoff\n>p1 move liquidation\n>p2 move knockoff\n>p2 switch 6\n>p1 move earthquake\n>p2 move thunderbolt\n>p1 move earthquake\n>p2 move thunderbolt dynamax\n>p1 move earthquake\n>p2 move shadowball dynamax\n>p1 switch 3\n>p1 move firepunch\n>p2 move thunderbolt dynamax\n>p2 switch 4\n>p1 switch 4\n>p2 move fireblast", "uploadtime": 1684337309, "views": 4, "p1id": "sharath47", "p2id": "hex1234", "formatid": "gen8randombattle", "rating": 0, "private": 0, "password": ""}