{"id": "gen8randombattle-1873846283", "p1": "wrtwtwrtwr", "p2": "perugu", "format": "[Gen 8] Random Battle", "log": "|j|\u2606wrtwtwrtwr\n|j|\u2606perugu\n|t:|1685431352\n|gametype|singles\n|player|p1|wrtwtwrtwr|harlequin|1000\n|player|p2|perugu|265|1000\n|teamsize|p1|6\n|teamsize|p2|6\n|gen|8\n|tier|[Gen 8] Random Battle\n|rated|\n|rule|Species Clause: Limit one of each Pok\u00e9mon\n|rule|HP Percentage Mod: HP is shown in percentages\n|rule|Sleep Clause Mod: Limit one foe put to sleep\n|\n|t:|1685431352\n|start\n|switch|p1a: Azumarill|Azumarill, L84, M|305/305\n|switch|p2a: Grimmsnarl|Grimmsnarl, L82, M|290/290\n|turn|1\n|\n|t:|1685431379\n|switch|p2a: Trevenant|Trevenant, L86, M|286/286\n|move|p1a: Azumarill|Play Rough|p2a: Trevenant\n|-damage|p2a: Trevenant|102/286\n|\n|upkeep\n|turn|2\n|\n|t:|1685431399\n|switch|p1a: Weezing|Weezing, L86, F|252/252\n|move|p2a: Trevenant|Wood Hammer|p1a: Weezing\n|-resisted|p1a: Weezing\n|-damage|p1a: Weezing|184/252\n|-damage|p2a: Trevenant|80/286|[from] Recoil\n|-damage|p2a: Trevenant|52/286|[from] item: Life Orb\n|\n|-heal|p1a: Weezing|199/252|[from] item: Black Sludge\n|upkeep\n|turn|3\n|\n|t:|1685431423\n|move|p1a: Weezing|Sludge Bomb|p2a: Trevenant\n|-damage|p2a: Trevenant|0 fnt\n|faint|p2a: Trevenant\n|\n|-heal|p1a: Weezing|214/252|[from] item: Black Sludge\n|upkeep\n|\n|t:|1685431426\n|switch|p2a: Gallade|Gallade, L82, M|246/246\n|turn|4\n|\n|t:|1685431439\n|switch|p1a: Mudsdale|Mudsdale, L82, M|298/298\n|move|p2a: Gallade|Zen Headbutt|p1a: Mudsdale\n|-damage|p1a: Mudsdale|169/298\n|-ability|p1a: Mudsdale|Stamina|boost\n|-boost|p1a: Mudsdale|def|1\n|\n|upkeep\n|turn|5\n|\n|t:|1685431457\n|switch|p2a: Aurorus|Aurorus, L84, F|344/344\n|-weather|Hail|[from] ability: Snow Warning|[of] p2a: Aurorus\n|move|p1a: Mudsdale|Earthquake|p2a: Aurorus\n|-supereffective|p2a: Aurorus\n|-damage|p2a: Aurorus|0 fnt\n|faint|p2a: Aurorus\n|\n|-weather|Hail|[upkeep]\n|-damage|p1a: Mudsdale|151/298|[from] Hail\n|upkeep\n|\n|t:|1685431465\n|switch|p2a: Crustle|Crustle, L82, F|249/249\n|turn|6\n|\n|t:|1685431478\n|move|p2a: Crustle|Shell Smash|p2a: Crustle\n|-unboost|p2a: Crustle|def|1\n|-unboost|p2a: Crustle|spd|1\n|-boost|p2a: Crustle|atk|2\n|-boost|p2a: Crustle|spa|2\n|-boost|p2a: Crustle|spe|2\n|move|p1a: Mudsdale|Earthquake|p2a: Crustle\n|-damage|p2a: Crustle|33/249\n|\n|-weather|Hail|[upkeep]\n|-damage|p2a: Crustle|18/249|[from] Hail\n|-damage|p1a: Mudsdale|133/298|[from] Hail\n|upkeep\n|turn|7\n|\n|t:|1685431494\n|move|p2a: Crustle|Earthquake|p1a: Mudsdale\n|-damage|p1a: Mudsdale|46/298\n|-ability|p1a: Mudsdale|Stamina|boost\n|-boost|p1a: Mudsdale|def|1\n|move|p1a: Mudsdale|Earthquake|p2a: Crustle\n|-damage|p2a: Crustle|0 fnt\n|faint|p2a: Crustle\n|\n|-weather|Hail|[upkeep]\n|-damage|p1a: Mudsdale|28/298|[from] Hail\n|upkeep\n|\n|t:|1685431500\n|switch|p2a: Indeedee|Indeedee-F, L85, F|258/258\n|-fieldstart|move: Psychic Terrain|[from] ability: Psychic Surge|[of] p2a: Indeedee\n|turn|8\n|\n|t:|1685431516\n|move|p2a: Indeedee|Calm Mind|p2a: Indeedee\n|-boost|p2a: Indeedee|spa|1\n|-boost|p2a: Indeedee|spd|1\n|move|p1a: Mudsdale|Earthquake|p2a: Indeedee\n|-damage|p2a: Indeedee|29/258\n|\n|-weather|Hail|[upkeep]\n|-damage|p2a: Indeedee|13/258|[from] Hail\n|-damage|p1a: Mudsdale|10/298|[from] Hail\n|upkeep\n|turn|9\n|\n|t:|1685431523\n|move|p2a: Indeedee|Hyper Voice|p1a: Mudsdale\n|-damage|p1a: Mudsdale|0 fnt\n|faint|p1a: Mudsdale\n|-damage|p2a: Indeedee|0 fnt|[from] item: Life Orb\n|faint|p2a: Indeedee\n|\n|-weather|none\n|upkeep\n|\n|t:|1685431530\n|switch|p2a: Grimmsnarl|Grimmsnarl, L82, M|290/290\n|switch|p1a: Azumarill|Azumarill, L84, M|305/305\n|turn|10\n|-message|perugu forfeited.\n|\n|win|wrtwtwrtwr\n|raw|wrtwtwrtwr's rating: 1040 &rarr; <strong>1070</strong><br />(+30 for winning)\n|raw|perugu's rating: 1000 &rarr; <strong>1000</strong><br />(+0 for losing)\n|l|\u2606perugu\n", "inputlog": ">version 6fec31d5a0d4498a06105aa188c9906bc0b6bf95\n>start {\"formatid\":\"gen8randombattle\",\"seed\":[41729,59831,6049,5228],\"rated\":\"Rated battle\"}\n>player p1 {\"name\":\"wrtwtwrtwr\",\"avatar\":\"harlequin\",\"rating\":1000,\"seed\":[11894,59218,51254,38660]}\n>player p2 {\"name\":\"perugu\",\"avatar\":\"265\",\"rating\":1000,\"seed\":[16508,6786,63440,27858]}\n>p1 move playrough\n>p2 switch 3\n>p1 switch 3\n>p2 move woodhammer\n>p1 move sludgebomb\n>p2 move poltergeist\n>p2 switch 4\n>p1 switch 5\n>p2 move zenheadbutt\n>p1 move earthquake\n>p2 switch 5\n>p2 switch 6\n>p1 move earthquake\n>p2 move shellsmash\n>p1 move earthquake\n>p2 move earthquake\n>p2 switch 2\n>p1 move earthquake\n>p2 move calmmind\n>p1 move earthquake\n>p2 move hypervoice\n>p1 switch 3\n>p2 switch 3\n>forcelose p2", "uploadtime": 1685431535, "views": 6, "p1id": "wrtwtwrtwr", "p2id": "perugu", "formatid": "gen8randombattle", "rating": 1000, "private": 0, "password": ""}