{"id": "gen8randombattle-1865865936", "p1": "That1Toast", "p2": "Dino197107", "format": "[Gen 8] Random Battle", "log": "|j|\u2606That1Toast\n|j|\u2606Dino197107\n|t:|1684345191\n|gametype|singles\n|player|p1|That1Toast|psychic|1349\n|player|p2|Dino197107|acetrainer-gen4dp|1330\n|teamsize|p1|6\n|teamsize|p2|6\n|gen|8\n|tier|[Gen 8] Random Battle\n|rated|\n|rule|Species Clause: Limit one of each Pok\u00e9mon\n|rule|HP Percentage Mod: HP is shown in percentages\n|rule|Sleep Clause Mod: Limit one foe put to sleep\n|\n|t:|1684345191\n|start\n|switch|p1a: Bewear|Bewear, L82, F|331/331\n|switch|p2a: Cinderace|Cinderace, L74, F|239/239\n|turn|1\n|inactive|Battle timer is ON: inactive players will automatically lose when time's up. (requested by That1Toast)\n|l|\u2606That1Toast\n|inactive|That1Toast disconnected and has a minute to reconnect!\n|player|p1|\n|j|\u2606That1Toast\n|inactive|That1Toast reconnected and has 130 seconds left.\n|player|p1|That1Toast|psychic\n|\n|t:|1684345218\n|switch|p1a: Swampert|Swampert, L80, F|291/291\n|move|p2a: Cinderace|Zen Headbutt|p1a: Swampert\n|-start|p2a: Cinderace|typechange|Psychic|[from] ability: Libero\n|-damage|p1a: Swampert|177/291\n|\n|-heal|p1a: Swampert|195/291|[from] item: Leftovers\n|upkeep\n|turn|2\n|\n|t:|1684345232\n|switch|p2a: Vikavolt|Vikavolt, L82, F|260/260\n|move|p1a: Swampert|Protect||[still]\n|-fail|p1a: Swampert\n|\n|-heal|p1a: Swampert|213/291|[from] item: Leftovers\n|upkeep\n|turn|3\n|\n|t:|1684345246\n|move|p1a: Swampert|Toxic|p2a: Vikavolt\n|-status|p2a: Vikavolt|tox\n|move|p2a: Vikavolt|Sticky Web|p1a: Swampert\n|-sidestart|p1: That1Toast|move: Sticky Web\n|\n|-heal|p1a: Swampert|231/291|[from] item: Leftovers\n|-damage|p2a: Vikavolt|244/260 tox|[from] psn\n|upkeep\n|turn|4\n|\n|t:|1684345259\n|move|p1a: Swampert|Scald|p2a: Vikavolt\n|-damage|p2a: Vikavolt|162/260 tox\n|move|p2a: Vikavolt|Roost|p2a: Vikavolt\n|-heal|p2a: Vikavolt|260/260 tox\n|-singleturn|p2a: Vikavolt|move: Roost\n|\n|-heal|p1a: Swampert|249/291|[from] item: Leftovers\n|-damage|p2a: Vikavolt|228/260 tox|[from] psn\n|upkeep\n|turn|5\n|\n|t:|1684345266\n|move|p1a: Swampert|Scald|p2a: Vikavolt\n|-damage|p2a: Vikavolt|152/260 tox\n|move|p2a: Vikavolt|Roost|p2a: Vikavolt\n|-heal|p2a: Vikavolt|260/260 tox\n|-singleturn|p2a: Vikavolt|move: Roost\n|\n|-heal|p1a: Swampert|267/291|[from] item: Leftovers\n|-damage|p2a: Vikavolt|212/260 tox|[from] psn\n|upkeep\n|turn|6\n|\n|t:|1684345272\n|move|p1a: Swampert|Scald|p2a: Vikavolt\n|-damage|p2a: Vikavolt|134/260 tox\n|move|p2a: Vikavolt|Energy Ball|p1a: Swampert\n|-supereffective|p1a: Swampert\n|-damage|p1a: Swampert|0 fnt\n|faint|p1a: Swampert\n|\n|-damage|p2a: Vikavolt|70/260 tox|[from] psn\n|upkeep\n|\n|t:|1684345290\n|switch|p1a: Frosmoth|Frosmoth, L82, F|249/249\n|turn|7\n|\n|t:|1684345296\n|switch|p2a: Cinderace|Cinderace, L74, F|239/239\n|move|p1a: Frosmoth|Quiver Dance|p1a: Frosmoth\n|-boost|p1a: Frosmoth|spa|1\n|-boost|p1a: Frosmoth|spd|1\n|-boost|p1a: Frosmoth|spe|1\n|\n|upkeep\n|turn|8\n|\n|t:|1684345314\n|switch|p1a: Palossand|Palossand, L86, F|286/286\n|-activate|p1a: Palossand|move: Sticky Web\n|-unboost|p1a: Palossand|spe|1\n|move|p2a: Cinderace|Pyro Ball|p1a: Palossand\n|-damage|p1a: Palossand|157/286\n|\n|-heal|p1a: Palossand|174/286|[from] item: Leftovers\n|upkeep\n|turn|9\n|\n|t:|1684345323\n|switch|p2a: Vikavolt|Vikavolt, L82, F|70/260 tox\n|move|p1a: Palossand|Shadow Ball|p2a: Vikavolt\n|-damage|p2a: Vikavolt|0 fnt\n|faint|p2a: Vikavolt\n|\n|-heal|p1a: Palossand|191/286|[from] item: Leftovers\n|upkeep\n|\n|t:|1684345344\n|switch|p2a: Crobat|Crobat, L82, M|274/274\n|turn|10\n|\n|t:|1684345354\n|switch|p1a: Bisharp|Bisharp, L80, M|235/235\n|-activate|p1a: Bisharp|move: Sticky Web\n|-unboost|p1a: Bisharp|spe|1\n|-ability|p1a: Bisharp|Defiant|boost\n|-boost|p1a: Bisharp|atk|2\n|move|p2a: Crobat|Toxic|p1a: Bisharp\n|-immune|p1a: Bisharp\n|\n|upkeep\n|turn|11\n|\n|t:|1684345360\n|move|p2a: Crobat|Super Fang|p1a: Bisharp\n|-damage|p1a: Bisharp|118/235\n|move|p1a: Bisharp|Knock Off|p2a: Crobat\n|-damage|p2a: Crobat|0 fnt\n|-enditem|p2a: Crobat|Heavy-Duty Boots|[from] move: Knock Off|[of] p1a: Bisharp\n|faint|p2a: Crobat\n|-damage|p1a: Bisharp|95/235|[from] item: Life Orb\n|\n|upkeep\n|\n|t:|1684345369\n|switch|p2a: Cinderace|Cinderace, L74, F|239/239\n|turn|12\n|\n|t:|1684345373\n|move|p1a: Bisharp|Sucker Punch|p2a: Cinderace\n|-damage|p2a: Cinderace|0 fnt\n|faint|p2a: Cinderace\n|-damage|p1a: Bisharp|72/235|[from] item: Life Orb\n|\n|upkeep\n|\n|t:|1684345380\n|switch|p2a: Mienshao|Mienshao, L82, M|241/241\n|turn|13\n|\n|t:|1684345387\n|move|p2a: Mienshao|Close Combat|p1a: Bisharp\n|-supereffective|p1a: Bisharp\n|-damage|p1a: Bisharp|0 fnt\n|-unboost|p2a: Mienshao|def|1\n|-unboost|p2a: Mienshao|spd|1\n|faint|p1a: Bisharp\n|\n|upkeep\n|\n|t:|1684345394\n|switch|p1a: Palossand|Palossand, L86, F|191/286\n|-activate|p1a: Palossand|move: Sticky Web\n|-unboost|p1a: Palossand|spe|1\n|turn|14\n|\n|t:|1684345408\n|switch|p2a: Espeon|Espeon, L82, F|241/241\n|move|p1a: Palossand|Earth Power|p2a: Espeon\n|-damage|p2a: Espeon|138/241\n|-unboost|p2a: Espeon|spd|1\n|\n|-heal|p1a: Palossand|208/286|[from] item: Leftovers\n|upkeep\n|turn|15\n|\n|t:|1684345415\n|move|p2a: Espeon|Shadow Ball|p1a: Palossand\n|-supereffective|p1a: Palossand\n|-damage|p1a: Palossand|0 fnt\n|faint|p1a: Palossand\n|-damage|p2a: Espeon|114/241|[from] item: Life Orb\n|\n|upkeep\n|\n|t:|1684345425\n|switch|p1a: Bewear|Bewear, L82, F|331/331\n|-activate|p1a: Bewear|move: Sticky Web\n|-unboost|p1a: Bewear|spe|1\n|turn|16\n|\n|t:|1684345432\n|move|p2a: Espeon|Dazzling Gleam|p1a: Bewear\n|-supereffective|p1a: Bewear\n|-damage|p1a: Bewear|92/331\n|-damage|p2a: Espeon|90/241|[from] item: Life Orb\n|move|p1a: Bewear|Double-Edge|p2a: Espeon\n|-damage|p2a: Espeon|0 fnt\n|faint|p2a: Espeon\n|-damage|p1a: Bewear|62/331|[from] Recoil\n|-damage|p1a: Bewear|29/331|[from] item: Life Orb\n|\n|upkeep\n|\n|t:|1684345444\n|switch|p2a: Mienshao|Mienshao, L82, M|241/241\n|turn|17\n|\n|t:|1684345453\n|move|p2a: Mienshao|Stone Edge|p1a: Bewear\n|-resisted|p1a: Bewear\n|-damage|p1a: Bewear|0 fnt\n|faint|p1a: Bewear\n|\n|upkeep\n|\n|t:|1684345457\n|switch|p1a: Lunala|Lunala, L72|316/316\n|-activate|p1a: Lunala|move: Sticky Web\n|-unboost|p1a: Lunala|spe|1\n|turn|18\n|\n|t:|1684345461\n|move|p2a: Mienshao|Stone Edge|p1a: Lunala|[miss]\n|-miss|p2a: Mienshao|p1a: Lunala\n|move|p1a: Lunala|Moonblast|p2a: Mienshao\n|-supereffective|p2a: Mienshao\n|-damage|p2a: Mienshao|79/241\n|\n|upkeep\n|turn|19\n|\n|t:|1684345467\n|move|p2a: Mienshao|Stone Edge|p1a: Lunala|[miss]\n|-miss|p2a: Mienshao|p1a: Lunala\n|move|p1a: Lunala|Moonblast|p2a: Mienshao\n|-supereffective|p2a: Mienshao\n|-damage|p2a: Mienshao|0 fnt\n|faint|p2a: Mienshao\n|\n|upkeep\n|\n|t:|1684345470\n|switch|p2a: Barbaracle|Barbaracle, L80, F|246/246\n|turn|20\n|\n|t:|1684345489\n|move|p2a: Barbaracle|Shell Smash|p2a: Barbaracle\n|-unboost|p2a: Barbaracle|def|1\n|-unboost|p2a: Barbaracle|spd|1\n|-boost|p2a: Barbaracle|atk|2\n|-boost|p2a: Barbaracle|spa|2\n|-boost|p2a: Barbaracle|spe|2\n|-enditem|p2a: Barbaracle|White Herb\n|-clearnegativeboost|p2a: Barbaracle|[silent]\n|move|p1a: Lunala|Calm Mind|p1a: Lunala\n|-boost|p1a: Lunala|spa|1\n|-boost|p1a: Lunala|spd|1\n|\n|upkeep\n|turn|21\n|\n|t:|1684345505\n|-start|p2a: Barbaracle|Dynamax|\n|-heal|p2a: Barbaracle|492/492|[silent]\n|-start|p1a: Lunala|Dynamax|\n|-heal|p1a: Lunala|632/632|[silent]\n|move|p2a: Barbaracle|Max Quake|p1a: Lunala\n|-damage|p1a: Lunala|520/632\n|-boost|p2a: Barbaracle|spd|1\n|move|p1a: Lunala|Max Phantasm|p2a: Barbaracle\n|-damage|p2a: Barbaracle|344/492\n|-unboost|p2a: Barbaracle|def|1\n|\n|-heal|p1a: Lunala|539/632|[from] item: Leftovers\n|upkeep\n|turn|22\n|\n|t:|1684345521\n|move|p1a: Lunala|Max Guard|p1a: Lunala\n|-singleturn|p1a: Lunala|Max Guard\n|move|p2a: Barbaracle|Max Quake|p1a: Lunala\n|-activate|p1a: Lunala|move: Max Guard\n|\n|-heal|p1a: Lunala|558/632|[from] item: Leftovers\n|upkeep\n|turn|23\n|\n|t:|1684345528\n|move|p2a: Barbaracle|Max Quake|p1a: Lunala\n|-damage|p1a: Lunala|350/632\n|-boost|p2a: Barbaracle|spd|1\n|move|p1a: Lunala|Max Phantasm|p2a: Barbaracle\n|-damage|p2a: Barbaracle|247/492\n|-unboost|p2a: Barbaracle|def|1\n|\n|-heal|p1a: Lunala|369/632|[from] item: Leftovers\n|upkeep\n|-end|p2a: Barbaracle|Dynamax\n|-heal|p2a: Barbaracle|124/246|[silent]\n|-end|p1a: Lunala|Dynamax\n|-heal|p1a: Lunala|185/316|[silent]\n|turn|24\n|\n|t:|1684345537\n|move|p2a: Barbaracle|Liquidation|p1a: Lunala\n|-damage|p1a: Lunala|0 fnt\n|faint|p1a: Lunala\n|\n|upkeep\n|\n|t:|1684345541\n|switch|p1a: Frosmoth|Frosmoth, L82, F|249/249\n|turn|25\n|\n|t:|1684345544\n|move|p2a: Barbaracle|Stone Edge|p1a: Frosmoth|[miss]\n|-miss|p2a: Barbaracle|p1a: Frosmoth\n|move|p1a: Frosmoth|Giga Drain|p2a: Barbaracle\n|-supereffective|p2a: Barbaracle\n|-damage|p2a: Barbaracle|0 fnt\n|faint|p2a: Barbaracle\n|\n|win|That1Toast\n|raw|That1Toast's rating: 1349 &rarr; <strong>1368</strong><br />(+19 for winning)\n|raw|Dino197107's rating: 1330 &rarr; <strong>1311</strong><br />(-19 for losing)\n|c|\u2606Dino197107|ggs\n", "inputlog": ">version 3f967b429d9dd76d8eb692efdd7dfe9038092d20\n>start {\"formatid\":\"gen8randombattle\",\"seed\":[52738,27454,13186,58967],\"rated\":\"Rated battle\"}\n>player p1 {\"name\":\"That1Toast\",\"avatar\":\"psychic\",\"rating\":1349,\"seed\":[46526,21580,13372,63983]}\n>player p2 {\"name\":\"Dino197107\",\"avatar\":\"acetrainer-gen4dp\",\"rating\":1330,\"seed\":[17206,60951,38802,14058]}\n>p1 switch 4\n>p2 move zenheadbutt\n>p1 move protect\n>p2 switch 3\n>p1 move toxic\n>p2 move stickyweb\n>p1 move scald\n>p2 move roost\n>p1 move scald\n>p2 move roost\n>p1 move scald\n>p2 move energyball\n>p1 switch 3\n>p1 move quiverdance\n>p2 switch 3\n>p1 switch 2\n>p2 move pyroball\n>p1 move shadowball\n>p2 switch 3\n>p2 switch 5\n>p1 switch 6\n>p2 move toxic\n>p1 move knockoff\n>p2 move superfang\n>p2 switch 3\n>p1 move suckerpunch\n>p2 move pyroball\n>p2 switch 6\n>p1 move knockoff\n>p2 move closecombat\n>p1 switch 6\n>p1 move earthpower\n>p2 switch 2\n>p1 move shadowball\n>p2 move shadowball\n>p1 switch 4\n>p1 move doubleedge\n>p2 move dazzlinggleam\n>p2 switch 2\n>p1 move doubleedge\n>p2 move stoneedge\n>p1 switch 5\n>p1 move moonblast\n>p2 move stoneedge\n>p1 move moonblast\n>p2 move stoneedge\n>p2 switch 4\n>p1 move calmmind\n>p2 move shellsmash\n>p1 move moongeistbeam dynamax\n>p2 move earthquake dynamax\n>p1 move calmmind dynamax\n>p2 move earthquake dynamax\n>p1 move moongeistbeam dynamax\n>p2 move earthquake dynamax\n>p1 move moongeistbeam\n>p2 move liquidation\n>p1 switch 2\n>p1 move gigadrain\n>p2 move stoneedge", "uploadtime": 1684345552, "views": 3, "p1id": "that1toast", "p2id": "dino197107", "formatid": "gen8randombattle", "rating": 1311, "private": 0, "password": ""}