{"id": "gen8randombattle-1871610392", "p1": "ABHI625", "p2": "Killawilla", "format": "[Gen 8] Random Battle", "log": "|j|\u2606ABHI625\n|j|\u2606Killawilla\n|t:|1685112202\n|gametype|singles\n|player|p1|ABHI625|wallace|1097\n|player|p2|Killawilla|102|1115\n|teamsize|p1|6\n|teamsize|p2|6\n|gen|8\n|tier|[Gen 8] Random Battle\n|rated|\n|rule|Species Clause: Limit one of each Pok\u00e9mon\n|rule|HP Percentage Mod: HP is shown in percentages\n|rule|Sleep Clause Mod: Limit one foe put to sleep\n|\n|t:|1685112202\n|start\n|switch|p1a: Accelgor|Accelgor, L86, F|278/278\n|switch|p2a: Obstagoon|Obstagoon, L80, F|280/280\n|turn|1\n|inactive|Battle timer is ON: inactive players will automatically lose when time's up. (requested by Killawilla)\n|\n|t:|1685112213\n|move|p1a: Accelgor|Focus Blast|p2a: Obstagoon\n|-supereffective|p2a: Obstagoon\n|-damage|p2a: Obstagoon|0 fnt\n|faint|p2a: Obstagoon\n|\n|upkeep\n|\n|t:|1685112238\n|switch|p2a: Cobalion|Cobalion, L78|270/270\n|turn|2\n|\n|t:|1685112263\n|move|p1a: Accelgor|Focus Blast|p2a: Cobalion\n|-supereffective|p2a: Cobalion\n|-damage|p2a: Cobalion|118/270\n|move|p2a: Cobalion|Stone Edge|p1a: Accelgor\n|-supereffective|p1a: Accelgor\n|-damage|p1a: Accelgor|98/278\n|\n|upkeep\n|turn|3\n|\n|t:|1685112270\n|move|p1a: Accelgor|Focus Blast|p2a: Cobalion\n|-supereffective|p2a: Cobalion\n|-damage|p2a: Cobalion|0 fnt\n|faint|p2a: Cobalion\n|\n|upkeep\n|\n|t:|1685112275\n|switch|p2a: Appletun|Appletun, L90, F|344/344\n|turn|4\n|\n|t:|1685112283\n|move|p1a: Accelgor|Sludge Bomb|p2a: Appletun\n|-supereffective|p2a: Appletun\n|-damage|p2a: Appletun|206/344\n|move|p2a: Appletun|Apple Acid|p1a: Accelgor\n|-resisted|p1a: Accelgor\n|-damage|p1a: Accelgor|32/278\n|-unboost|p1a: Accelgor|spd|1\n|\n|-heal|p2a: Appletun|227/344|[from] item: Leftovers\n|upkeep\n|turn|5\n|\n|t:|1685112290\n|move|p1a: Accelgor|Sludge Bomb|p2a: Appletun\n|-supereffective|p2a: Appletun\n|-damage|p2a: Appletun|77/344\n|move|p2a: Appletun|Apple Acid|p1a: Accelgor\n|-resisted|p1a: Accelgor\n|-damage|p1a: Accelgor|0 fnt\n|faint|p1a: Accelgor\n|\n|-heal|p2a: Appletun|98/344|[from] item: Leftovers\n|upkeep\n|\n|t:|1685112306\n|switch|p1a: Salamence|Salamence, L76, F|269/269\n|turn|6\n|\n|t:|1685112323\n|move|p1a: Salamence|Outrage|p2a: Appletun\n|-supereffective|p2a: Appletun\n|-damage|p2a: Appletun|0 fnt\n|faint|p2a: Appletun\n|-ability|p1a: Salamence|Moxie|boost\n|-boost|p1a: Salamence|atk|1\n|\n|upkeep\n|\n|t:|1685112334\n|switch|p2a: Araquanid|Araquanid, L80, F|240/240\n|turn|7\n|\n|t:|1685112339\n|move|p1a: Salamence|Outrage|p2a: Araquanid|[from]lockedmove\n|-damage|p2a: Araquanid|33/240\n|-start|p1a: Salamence|confusion|[fatigue]\n|move|p2a: Araquanid|Toxic|p1a: Salamence\n|-status|p1a: Salamence|tox\n|\n|-damage|p1a: Salamence|253/269 tox|[from] psn\n|upkeep\n|turn|8\n|\n|t:|1685112347\n|-activate|p1a: Salamence|confusion\n|-damage|p1a: Salamence|197/269 tox|[from] confusion\n|move|p2a: Araquanid|Sticky Web|p1a: Salamence\n|-sidestart|p1: ABHI625|move: Sticky Web\n|\n|-damage|p1a: Salamence|165/269 tox|[from] psn\n|upkeep\n|turn|9\n|\n|t:|1685112351\n|-activate|p1a: Salamence|confusion\n|move|p1a: Salamence|Earthquake|p2a: Araquanid\n|-resisted|p2a: Araquanid\n|-damage|p2a: Araquanid|0 fnt\n|faint|p2a: Araquanid\n|-ability|p1a: Salamence|Moxie|boost\n|-boost|p1a: Salamence|atk|1\n|\n|-damage|p1a: Salamence|117/269 tox|[from] psn\n|upkeep\n|\n|t:|1685112354\n|switch|p2a: Orbeetle|Orbeetle, L86, F|243/243\n|-item|p1a: Salamence|Heavy-Duty Boots|[from] ability: Frisk|[of] p2a: Orbeetle|[identify]\n|turn|10\n|\n|t:|1685112376\n|move|p2a: Orbeetle|Calm Mind|p2a: Orbeetle\n|-boost|p2a: Orbeetle|spa|1\n|-boost|p2a: Orbeetle|spd|1\n|-activate|p1a: Salamence|confusion\n|-damage|p1a: Salamence|42/269 tox|[from] confusion\n|\n|-damage|p1a: Salamence|0 fnt|[from] psn\n|faint|p1a: Salamence\n|upkeep\n|\n|t:|1685112391\n|switch|p1a: Kabutops|Kabutops, L82, F|233/233\n|-activate|p1a: Kabutops|move: Sticky Web\n|-unboost|p1a: Kabutops|spe|1\n|turn|11\n|\n|t:|1685112415\n|move|p2a: Orbeetle|Calm Mind|p2a: Orbeetle\n|-boost|p2a: Orbeetle|spa|1\n|-boost|p2a: Orbeetle|spd|1\n|move|p1a: Kabutops|Stone Edge|p2a: Orbeetle\n|-supereffective|p2a: Orbeetle\n|-damage|p2a: Orbeetle|1/243\n|-damage|p1a: Kabutops|210/233|[from] item: Life Orb\n|\n|upkeep\n|turn|12\n|\n|t:|1685112421\n|move|p2a: Orbeetle|Bug Buzz|p1a: Kabutops\n|-damage|p1a: Kabutops|0 fnt\n|faint|p1a: Kabutops\n|\n|upkeep\n|\n|t:|1685112433\n|switch|p1a: Arctozolt|Arctozolt, L86|295/295\n|turn|13\n|\n|t:|1685112437\n|move|p2a: Orbeetle|Bug Buzz|p1a: Arctozolt\n|-damage|p1a: Arctozolt|127/295\n|move|p1a: Arctozolt|Freeze-Dry|p2a: Orbeetle\n|-damage|p2a: Orbeetle|0 fnt\n|faint|p2a: Orbeetle\n|\n|upkeep\n|\n|t:|1685112442\n|switch|p2a: Drednaw|Drednaw, L84, F|288/288\n|turn|14\n|\n|t:|1685112454\n|move|p2a: Drednaw|Stone Edge|p1a: Arctozolt|[miss]\n|-miss|p2a: Drednaw|p1a: Arctozolt\n|move|p1a: Arctozolt|Bolt Beak|p2a: Drednaw\n|-supereffective|p2a: Drednaw\n|-damage|p2a: Drednaw|84/288\n|\n|upkeep\n|turn|15\n|\n|t:|1685112461\n|move|p2a: Drednaw|Stone Edge|p1a: Arctozolt\n|-supereffective|p1a: Arctozolt\n|-damage|p1a: Arctozolt|0 fnt\n|faint|p1a: Arctozolt\n|-damage|p2a: Drednaw|56/288|[from] item: Life Orb\n|\n|upkeep\n|\n|t:|1685112465\n|switch|p1a: Rillaboom|Rillaboom, L78, F|284/284\n|-activate|p1a: Rillaboom|move: Sticky Web\n|-unboost|p1a: Rillaboom|spe|1\n|-fieldstart|move: Grassy Terrain|[from] ability: Grassy Surge|[of] p1a: Rillaboom\n|turn|16\n|\n|t:|1685112470\n|move|p1a: Rillaboom|Grassy Glide|p2a: Drednaw\n|-supereffective|p2a: Drednaw\n|-damage|p2a: Drednaw|0 fnt\n|faint|p2a: Drednaw\n|\n|win|ABHI625\n|raw|ABHI625's rating: 1097 &rarr; <strong>1124</strong><br />(+27 for winning)\n|raw|Killawilla's rating: 1115 &rarr; <strong>1089</strong><br />(-26 for losing)\n|l|\u2606Killawilla\n", "inputlog": ">version 61c68e60481ef09071210320730fc448fef50368\n>start {\"formatid\":\"gen8randombattle\",\"seed\":[3783,7722,16501,46891],\"rated\":\"Rated battle\"}\n>player p1 {\"name\":\"ABHI625\",\"avatar\":\"wallace\",\"rating\":1097,\"seed\":[49480,40192,6935,36206]}\n>player p2 {\"name\":\"Killawilla\",\"avatar\":\"102\",\"rating\":1115,\"seed\":[4173,35837,57931,35175]}\n>p1 move focusblast\n>p2 move bulkup\n>p2 switch 2\n>p1 move focusblast\n>p2 move stoneedge\n>p1 move focusblast\n>p2 move ironhead\n>p2 switch 6\n>p1 move sludgebomb\n>p2 move appleacid\n>p1 move sludgebomb\n>p2 move appleacid\n>p1 switch 5\n>p1 move outrage\n>p2 move leechseed\n>p2 switch 5\n>p1 move outrage\n>p2 move toxic\n>p1 move earthquake\n>p2 move stickyweb\n>p1 move earthquake\n>p2 move leechlife\n>p2 switch 3\n>p1 move dragondance\n>p2 move calmmind\n>p1 switch 6\n>p1 move stoneedge\n>p2 move calmmind\n>p1 move liquidation\n>p2 move bugbuzz\n>p1 switch 4\n>p1 move freezedry\n>p2 move bugbuzz\n>p2 switch 4\n>p1 move boltbeak\n>p2 move stoneedge\n>p1 move boltbeak\n>p2 move stoneedge\n>p1 switch 3\n>p1 move grassyglide\n>p2 move superpower", "uploadtime": 1685112500, "views": 5, "p1id": "abhi625", "p2id": "killawilla", "formatid": "gen8randombattle", "rating": 1089, "private": 0, "password": ""}