|j|☆pham5huong7
|j|☆LiJing0520
|t:|1685451054
|gametype|singles
|player|p1|pham5huong7|266|1051
|player|p2|LiJing0520|169|1073
|teamsize|p1|6
|teamsize|p2|6
|gen|8
|tier|[Gen 8] Random Battle
|rated|
|rule|Species Clause: Limit one of each Pokémon
|rule|HP Percentage Mod: HP is shown in percentages
|rule|Sleep Clause Mod: Limit one foe put to sleep
|
|t:|1685451054
|start
|switch|p1a: Qwilfish|Qwilfish, L84, M|246/246
|switch|p2a: Electivire|Electivire, L82, M|257/257
|-ability|p1a: Qwilfish|Intimidate|boost
|-unboost|p2a: Electivire|atk|1
|turn|1
|inactive|Battle timer is ON: inactive players will automatically lose when time's up. (requested by LiJing0520)
|
|t:|1685451066
|switch|p1a: Regigigas|Regigigas, L82|315/315
|-start|p1a: Regigigas|ability: Slow Start
|move|p2a: Electivire|Wild Charge|p1a: Regigigas
|-damage|p1a: Regigigas|225/315
|-damage|p2a: Electivire|234/257|[from] Recoil
|-damage|p2a: Electivire|209/257|[from] item: Life Orb
|
|-heal|p1a: Regigigas|244/315|[from] item: Leftovers
|upkeep
|turn|2
|
|t:|1685451084
|move|p2a: Electivire|Cross Chop|p1a: Regigigas
|-supereffective|p1a: Regigigas
|-crit|p1a: Regigigas
|-damage|p1a: Regigigas|0 fnt
|faint|p1a: Regigigas
|-end|p1a: Regigigas|Slow Start|[silent]
|-damage|p2a: Electivire|184/257|[from] item: Life Orb
|
|upkeep
|
|t:|1685451098
|switch|p1a: Hitmontop|Hitmontop, L85, M|224/224
|-ability|p1a: Hitmontop|Intimidate|boost
|-unboost|p2a: Electivire|atk|1
|turn|3
|
|t:|1685451113
|switch|p2a: Hippowdon|Hippowdon, L80, M|304/304
|-weather|Sandstorm|[from] ability: Sand Stream|[of] p2a: Hippowdon
|move|p1a: Hitmontop|Earthquake|p2a: Hippowdon
|-damage|p2a: Hippowdon|240/304
|
|-weather|Sandstorm|[upkeep]
|-damage|p1a: Hitmontop|210/224|[from] Sandstorm
|-heal|p2a: Hippowdon|259/304|[from] item: Leftovers
|upkeep
|turn|4
|
|t:|1685451126
|move|p1a: Hitmontop|Close Combat|p2a: Hippowdon
|-damage|p2a: Hippowdon|147/304
|-unboost|p1a: Hitmontop|def|1
|-unboost|p1a: Hitmontop|spd|1
|move|p2a: Hippowdon|Earthquake|p1a: Hitmontop
|-damage|p1a: Hitmontop|51/224
|
|-weather|Sandstorm|[upkeep]
|-damage|p1a: Hitmontop|37/224|[from] Sandstorm
|-heal|p2a: Hippowdon|166/304|[from] item: Leftovers
|upkeep
|turn|5
|
|t:|1685451137
|move|p1a: Hitmontop|Close Combat|p2a: Hippowdon
|-damage|p2a: Hippowdon|54/304
|-unboost|p1a: Hitmontop|def|1
|-unboost|p1a: Hitmontop|spd|1
|move|p2a: Hippowdon|Slack Off|p2a: Hippowdon
|-heal|p2a: Hippowdon|206/304
|
|-weather|Sandstorm|[upkeep]
|-damage|p1a: Hitmontop|23/224|[from] Sandstorm
|-heal|p2a: Hippowdon|225/304|[from] item: Leftovers
|upkeep
|turn|6
|
|t:|1685451149
|move|p1a: Hitmontop|Close Combat|p2a: Hippowdon
|-damage|p2a: Hippowdon|110/304
|-unboost|p1a: Hitmontop|def|1
|-unboost|p1a: Hitmontop|spd|1
|move|p2a: Hippowdon|Slack Off|p2a: Hippowdon
|-heal|p2a: Hippowdon|262/304
|
|-weather|Sandstorm|[upkeep]
|-damage|p1a: Hitmontop|9/224|[from] Sandstorm
|-heal|p2a: Hippowdon|281/304|[from] item: Leftovers
|upkeep
|turn|7
|
|t:|1685451159
|move|p1a: Hitmontop|Close Combat|p2a: Hippowdon
|-damage|p2a: Hippowdon|163/304
|-unboost|p1a: Hitmontop|def|1
|-unboost|p1a: Hitmontop|spd|1
|move|p2a: Hippowdon|Toxic|p1a: Hitmontop
|-status|p1a: Hitmontop|tox
|
|-weather|none
|-heal|p2a: Hippowdon|182/304|[from] item: Leftovers
|-damage|p1a: Hitmontop|0 fnt|[from] psn
|faint|p1a: Hitmontop
|upkeep
|
|t:|1685451173
|switch|p1a: Tornadus|Tornadus, L80, M|258/258
|turn|8
|
|t:|1685451192
|switch|p2a: Duraludon|Duraludon, L84, F|255/255
|move|p1a: Tornadus|Hurricane|p2a: Duraludon
|-resisted|p2a: Duraludon
|-damage|p2a: Duraludon|150/255
|
|upkeep
|turn|9
|
|t:|1685451202
|-start|p2a: Duraludon|Dynamax|
|-heal|p2a: Duraludon|300/510|[silent]
|move|p1a: Tornadus|Heat Wave|p2a: Duraludon
|-damage|p2a: Duraludon|188/510
|move|p2a: Duraludon|Max Lightning|p1a: Tornadus
|-supereffective|p1a: Tornadus
|-damage|p1a: Tornadus|0 fnt
|-fieldstart|move: Electric Terrain
|faint|p1a: Tornadus
|-damage|p2a: Duraludon|163/510|[from] item: Life Orb
|
|upkeep
|
|t:|1685451224
|switch|p1a: Zapdos|Zapdos-Galar, L76|262/262
|turn|10
|
|t:|1685451230
|move|p1a: Zapdos|Close Combat|p2a: Duraludon
|-supereffective|p2a: Duraludon
|-damage|p2a: Duraludon|0 fnt
|-unboost|p1a: Zapdos|def|1
|-unboost|p1a: Zapdos|spd|1
|faint|p2a: Duraludon
|
|upkeep
|
|t:|1685451236
|switch|p2a: Electivire|Electivire, L82, M|184/257
|turn|11
|
|t:|1685451257
|move|p1a: Zapdos|Close Combat|p2a: Electivire
|-damage|p2a: Electivire|27/257
|-unboost|p1a: Zapdos|def|1
|-unboost|p1a: Zapdos|spd|1
|move|p2a: Electivire|Wild Charge|p1a: Zapdos
|-supereffective|p1a: Zapdos
|-damage|p1a: Zapdos|0 fnt
|faint|p1a: Zapdos
|-damage|p2a: Electivire|0 fnt|[from] Recoil
|faint|p2a: Electivire
|
|upkeep
|
|t:|1685451270
|switch|p2a: Hippowdon|Hippowdon, L80, M|182/304
|switch|p1a: Qwilfish|Qwilfish, L84, M|246/246
|-ability|p1a: Qwilfish|Intimidate|boost
|-unboost|p2a: Hippowdon|atk|1
|-weather|Sandstorm|[from] ability: Sand Stream|[of] p2a: Hippowdon
|turn|12
|
|t:|1685451278
|move|p1a: Qwilfish|Waterfall|p2a: Hippowdon
|-supereffective|p2a: Hippowdon
|-damage|p2a: Hippowdon|50/304
|move|p2a: Hippowdon|Slack Off|p2a: Hippowdon
|-heal|p2a: Hippowdon|202/304
|
|-weather|Sandstorm|[upkeep]
|-damage|p1a: Qwilfish|231/246|[from] Sandstorm
|-heal|p2a: Hippowdon|221/304|[from] item: Leftovers
|upkeep
|turn|13
|
|t:|1685451289
|move|p1a: Qwilfish|Waterfall|p2a: Hippowdon
|-supereffective|p2a: Hippowdon
|-damage|p2a: Hippowdon|83/304
|cant|p2a: Hippowdon|flinch
|
|-weather|Sandstorm|[upkeep]
|-damage|p1a: Qwilfish|216/246|[from] Sandstorm
|-heal|p2a: Hippowdon|102/304|[from] item: Leftovers
|-fieldend|move: Electric Terrain
|upkeep
|turn|14
|
|t:|1685451299
|switch|p2a: Kingler|Kingler, L84, M|230/230
|move|p1a: Qwilfish|Waterfall|p2a: Kingler
|-resisted|p2a: Kingler
|-damage|p2a: Kingler|198/230
|
|-weather|Sandstorm|[upkeep]
|-damage|p1a: Qwilfish|201/246|[from] Sandstorm
|-damage|p2a: Kingler|184/230|[from] Sandstorm
|upkeep
|turn|15
|
|t:|1685451316
|move|p1a: Qwilfish|Thunder Wave|p2a: Kingler
|-status|p2a: Kingler|par
|move|p2a: Kingler|Swords Dance|p2a: Kingler
|-boost|p2a: Kingler|atk|2
|
|-weather|Sandstorm|[upkeep]
|-damage|p1a: Qwilfish|186/246|[from] Sandstorm
|-damage|p2a: Kingler|170/230 par|[from] Sandstorm
|upkeep
|turn|16
|
|t:|1685451329
|move|p1a: Qwilfish|Taunt|p2a: Kingler
|-start|p2a: Kingler|move: Taunt
|cant|p2a: Kingler|par
|
|-weather|none
|upkeep
|turn|17
|
|t:|1685451335
|move|p1a: Qwilfish|Waterfall|p2a: Kingler
|-resisted|p2a: Kingler
|-damage|p2a: Kingler|134/230 par
|move|p2a: Kingler|Liquidation|p1a: Qwilfish
|-resisted|p1a: Qwilfish
|-damage|p1a: Qwilfish|0 fnt
|faint|p1a: Qwilfish
|
|upkeep
|
|t:|1685451343
|switch|p1a: Solrock|Solrock, L88|302/302
|turn|18
|
|t:|1685451349
|-start|p1a: Solrock|Dynamax|
|-heal|p1a: Solrock|604/604|[silent]
|move|p1a: Solrock|Max Quake|p2a: Kingler
|-damage|p2a: Kingler|51/230 par
|-boost|p1a: Solrock|spd|1
|move|p2a: Kingler|Liquidation|p1a: Solrock
|-supereffective|p1a: Solrock
|-damage|p1a: Solrock|0 fnt
|faint|p1a: Solrock
|
|win|LiJing0520
|raw|pham5huong7's rating: 1051 &rarr; <strong>1034</strong><br />(-17 for losing)
|raw|LiJing0520's rating: 1073 &rarr; <strong>1100</strong><br />(+27 for winning)
