|j|☆RedBabyDrago
|j|☆ggzn
|t:|1685514946
|gametype|singles
|player|p1|RedBabyDrago|benga|1094
|player|p2|ggzn|102|1215
|teamsize|p1|6
|teamsize|p2|6
|gen|8
|tier|[Gen 8] Random Battle
|rated|
|rule|Species Clause: Limit one of each Pokémon
|rule|HP Percentage Mod: HP is shown in percentages
|rule|Sleep Clause Mod: Limit one foe put to sleep
|
|t:|1685514946
|start
|switch|p1a: Moltres|Moltres, L80|275/275
|switch|p2a: Quagsire|Quagsire, L84, F|297/297
|turn|1
|inactive|Battle timer is ON: inactive players will automatically lose when time's up. (requested by ggzn)
|
|t:|1685514961
|move|p1a: Moltres|U-turn|p2a: Quagsire
|-damage|p2a: Quagsire|246/297
|
|t:|1685514969
|switch|p1a: Comfey|Comfey, L86, F|228/228|[from] U-turn
|move|p2a: Quagsire|Toxic|p1a: Comfey
|-status|p1a: Comfey|tox
|
|-heal|p2a: Quagsire|264/297|[from] item: Leftovers
|-damage|p1a: Comfey|214/228 tox|[from] psn
|upkeep
|turn|2
|
|t:|1685514980
|move|p1a: Comfey|Giga Drain|p2a: Quagsire
|-supereffective|p2a: Quagsire
|-damage|p2a: Quagsire|0 fnt
|-heal|p1a: Comfey|228/228 tox|[from] drain|[of] p2a: Quagsire
|faint|p2a: Quagsire
|-damage|p1a: Comfey|206/228 tox|[from] item: Life Orb
|
|-damage|p1a: Comfey|178/228 tox|[from] psn
|upkeep
|
|t:|1685514988
|switch|p2a: Carbink|Carbink, L86|226/226
|turn|3
|
|t:|1685514991
|move|p1a: Comfey|Giga Drain|p2a: Carbink
|-supereffective|p2a: Carbink
|-damage|p2a: Carbink|145/226
|-heal|p1a: Comfey|219/228 tox|[from] drain|[of] p2a: Carbink
|-damage|p1a: Comfey|197/228 tox|[from] item: Life Orb
|move|p2a: Carbink|Light Screen|p2a: Carbink
|-sidestart|p2: ggzn|move: Light Screen
|
|-damage|p1a: Comfey|155/228 tox|[from] psn
|upkeep
|turn|4
|
|t:|1685515004
|move|p1a: Comfey|Stored Power|p2a: Carbink
|-damage|p2a: Carbink|139/226
|-damage|p1a: Comfey|133/228 tox|[from] item: Life Orb
|move|p2a: Carbink|Reflect|p2a: Carbink
|-sidestart|p2: ggzn|Reflect
|
|-damage|p1a: Comfey|77/228 tox|[from] psn
|upkeep
|turn|5
|
|t:|1685515029
|move|p1a: Comfey|Giga Drain|p2a: Carbink
|-supereffective|p2a: Carbink
|-damage|p2a: Carbink|97/226
|-heal|p1a: Comfey|98/228 tox|[from] drain|[of] p2a: Carbink
|-damage|p1a: Comfey|76/228 tox|[from] item: Life Orb
|move|p2a: Carbink|Body Press|p1a: Comfey
|-resisted|p1a: Comfey
|-crit|p1a: Comfey
|-damage|p1a: Comfey|20/228 tox
|
|-damage|p1a: Comfey|0 fnt|[from] psn
|faint|p1a: Comfey
|upkeep
|j| furikeru
|l| furikeru
|
|t:|1685515054
|switch|p1a: Drednaw|Drednaw, L84, M|288/288
|turn|6
|
|t:|1685515069
|move|p1a: Drednaw|Swords Dance|p1a: Drednaw
|-boost|p1a: Drednaw|atk|2
|move|p2a: Carbink|Body Press|p1a: Drednaw
|-supereffective|p1a: Drednaw
|-damage|p1a: Drednaw|132/288
|
|upkeep
|turn|7
|
|t:|1685515085
|switch|p2a: Drapion|Drapion, L82, F|249/249
|move|p1a: Drednaw|Liquidation|p2a: Drapion
|-crit|p2a: Drapion
|-damage|p2a: Drapion|0 fnt
|faint|p2a: Drapion
|-damage|p1a: Drednaw|104/288|[from] item: Life Orb
|
|upkeep
|j|%neycwang
|
|t:|1685515089
|switch|p2a: Durant|Durant, L78, F|219/219
|turn|8
|l|%neycwang
|
|t:|1685515110
|switch|p1a: Moltres|Moltres, L80|275/275
|move|p2a: Durant|Rock Slide|p1a: Moltres|[miss]
|-miss|p2a: Durant|p1a: Moltres
|
|upkeep
|turn|9
|
|t:|1685515117
|move|p2a: Durant|Rock Slide|p1a: Moltres|[miss]
|-miss|p2a: Durant|p1a: Moltres
|move|p1a: Moltres|Fire Blast|p2a: Durant
|-supereffective|p2a: Durant
|-damage|p2a: Durant|0 fnt
|faint|p2a: Durant
|
|upkeep
|
|t:|1685515120
|switch|p2a: Carbink|Carbink, L86|97/226
|turn|10
|
|t:|1685515128
|move|p1a: Moltres|U-turn|p2a: Carbink
|-resisted|p2a: Carbink
|-damage|p2a: Carbink|90/226
|
|t:|1685515142
|switch|p1a: Drednaw|Drednaw, L84, M|104/288|[from] U-turn
|move|p2a: Carbink|Moonblast|p1a: Drednaw
|-damage|p1a: Drednaw|23/288
|
|-sideend|p2: ggzn|move: Light Screen
|upkeep
|turn|11
|
|t:|1685515151
|move|p1a: Drednaw|Liquidation|p2a: Carbink
|-supereffective|p2a: Carbink
|-damage|p2a: Carbink|0 fnt
|faint|p2a: Carbink
|-damage|p1a: Drednaw|0 fnt|[from] item: Life Orb
|faint|p1a: Drednaw
|
|-sideend|p2: ggzn|Reflect
|upkeep
|
|t:|1685515169
|switch|p1a: Moltres|Moltres, L80|275/275
|switch|p2a: Pelipper|Pelipper, L86, F|243/243
|-weather|RainDance|[from] ability: Drizzle|[of] p2a: Pelipper
|turn|12
|
|t:|1685515192
|move|p1a: Moltres|U-turn|p2a: Pelipper
|-resisted|p2a: Pelipper
|-damage|p2a: Pelipper|221/243
|
|t:|1685515204
|switch|p1a: Persian|Persian-Alola, L82, M|241/241|[from] U-turn
|move|p2a: Pelipper|Hydro Pump|p1a: Persian
|-damage|p1a: Persian|10/241
|
|-weather|RainDance|[upkeep]
|-heal|p1a: Persian|25/241|[from] item: Leftovers
|upkeep
|turn|13
|
|t:|1685515215
|move|p1a: Persian|Thunderbolt|p2a: Pelipper
|-supereffective|p2a: Pelipper
|-damage|p2a: Pelipper|0 fnt
|faint|p2a: Pelipper
|
|-weather|RainDance|[upkeep]
|-heal|p1a: Persian|40/241|[from] item: Leftovers
|upkeep
|
|t:|1685515217
|switch|p2a: Rapidash|Rapidash-Galar, L84, M|246/246
|turn|14
|
|t:|1685515235
|move|p1a: Persian|Dark Pulse|p2a: Rapidash
|-damage|p2a: Rapidash|176/246
|move|p2a: Rapidash|Play Rough|p1a: Persian
|-supereffective|p1a: Persian
|-damage|p1a: Persian|0 fnt
|faint|p1a: Persian
|
|-weather|RainDance|[upkeep]
|-heal|p2a: Rapidash|191/246|[from] item: Leftovers
|upkeep
|
|t:|1685515249
|switch|p1a: Chansey|Chansey, L84, F|557/557
|turn|15
|
|t:|1685515255
|move|p2a: Rapidash|Swords Dance|p2a: Rapidash
|-boost|p2a: Rapidash|atk|2
|move|p1a: Chansey|Toxic|p2a: Rapidash
|-immune|p2a: Rapidash|[from] ability: Pastel Veil
|
|-weather|RainDance|[upkeep]
|-heal|p2a: Rapidash|206/246|[from] item: Leftovers
|upkeep
|turn|16
|
|t:|1685515266
|move|p2a: Rapidash|Zen Headbutt|p1a: Chansey
|-damage|p1a: Chansey|172/557
|cant|p1a: Chansey|flinch
|
|-weather|none
|-heal|p2a: Rapidash|221/246|[from] item: Leftovers
|upkeep
|turn|17
|
|t:|1685515281
|move|p2a: Rapidash|Zen Headbutt|p1a: Chansey
|-damage|p1a: Chansey|0 fnt
|faint|p1a: Chansey
|
|-heal|p2a: Rapidash|236/246|[from] item: Leftovers
|upkeep
|inactive|RedBabyDrago has 120 seconds left.
|
|t:|1685515311
|switch|p1a: Moltres|Moltres, L80|275/275
|turn|18
|
|t:|1685515319
|-start|p2a: Rapidash|Dynamax|
|-heal|p2a: Rapidash|472/492|[silent]
|move|p2a: Rapidash|Max Mindstorm|p1a: Moltres
|-damage|p1a: Moltres|0 fnt
|-fieldstart|move: Psychic Terrain
|faint|p1a: Moltres
|
|-heal|p2a: Rapidash|487/492|[from] item: Leftovers
|upkeep
|
|t:|1685515328
|switch|p1a: Reuniclus|Reuniclus, L84, F|322/322
|turn|19
|inactive|RedBabyDrago has 120 seconds left.
|
|t:|1685515337
|-start|p1a: Reuniclus|Dynamax|
|-heal|p1a: Reuniclus|644/644|[silent]
|move|p2a: Rapidash|Max Starfall|p1a: Reuniclus
|-damage|p1a: Reuniclus|338/644
|-fieldstart|move: Misty Terrain
|move|p1a: Reuniclus|Max Knuckle|p2a: Rapidash
|-resisted|p2a: Rapidash
|-damage|p2a: Rapidash|460/492
|-boost|p1a: Reuniclus|atk|1
|
|-heal|p2a: Rapidash|475/492|[from] item: Leftovers
|upkeep
|turn|20
|inactive|RedBabyDrago has 120 seconds left.
|inactive|RedBabyDrago has 90 seconds left.
|
|t:|1685515378
|move|p2a: Rapidash|Max Starfall|p1a: Reuniclus
|-damage|p1a: Reuniclus|50/644
|move|p1a: Reuniclus|Max Mindstorm|p2a: Rapidash
|-resisted|p2a: Rapidash
|-damage|p2a: Rapidash|358/492
|-fieldstart|move: Psychic Terrain
|
|-heal|p2a: Rapidash|373/492|[from] item: Leftovers
|upkeep
|-end|p2a: Rapidash|Dynamax
|-heal|p2a: Rapidash|187/246|[silent]
|turn|21
|inactive|RedBabyDrago has 90 seconds left.
|
|t:|1685515392
|move|p2a: Rapidash|Play Rough|p1a: Reuniclus
|-damage|p1a: Reuniclus|0 fnt
|faint|p1a: Reuniclus
|
|win|ggzn
|raw|RedBabyDrago's rating: 1094 &rarr; <strong>1076</strong><br />(-18 for losing)
|raw|ggzn's rating: 1185 &rarr; <strong>1204</strong><br />(+19 for winning)
