{"id": "gen8randombattle-1865547222", "p1": "TheLegendMoulaJatt", "p2": "Spellzlamser", "format": "[Gen 8] Random Battle", "log": "|j|\u2606TheLegendMoulaJatt\n|j|\u2606Spellzlamser\n|t:|1684306596\n|gametype|singles\n|player|p1|TheLegendMoulaJatt|ghetsis-gen5bw|1176\n|player|p2|Spellzlamser|roxie|1141\n|teamsize|p1|6\n|teamsize|p2|6\n|gen|8\n|tier|[Gen 8] Random Battle\n|rated|\n|rule|Species Clause: Limit one of each Pok\u00e9mon\n|rule|HP Percentage Mod: HP is shown in percentages\n|rule|Sleep Clause Mod: Limit one foe put to sleep\n|\n|t:|1684306596\n|start\n|switch|p1a: Maractus|Maractus, L95, F|296/296\n|switch|p2a: Milotic|Milotic, L82, F|290/290\n|turn|1\n|\n|t:|1684306605\n|move|p2a: Milotic|Ice Beam|p1a: Maractus\n|-supereffective|p1a: Maractus\n|-damage|p1a: Maractus|172/296\n|move|p1a: Maractus|Leech Seed|p2a: Milotic\n|-start|p2a: Milotic|move: Leech Seed\n|\n|-damage|p2a: Milotic|254/290|[from] Leech Seed|[of] p1a: Maractus\n|-heal|p1a: Maractus|208/296|[silent]\n|upkeep\n|turn|2\n|inactive|Battle timer is ON: inactive players will automatically lose when time's up. (requested by TheLegendMoulaJatt)\n|\n|t:|1684306617\n|switch|p2a: Buzzwole|Buzzwole, L77|291/291\n|move|p1a: Maractus|Spiky Shield||[still]\n|-fail|p1a: Maractus\n|\n|upkeep\n|turn|3\n|\n|t:|1684306627\n|move|p1a: Maractus|Toxic|p2a: Buzzwole\n|-status|p2a: Buzzwole|tox\n|move|p2a: Buzzwole|Leech Life|p1a: Maractus\n|-supereffective|p1a: Maractus\n|-damage|p1a: Maractus|0 fnt\n|faint|p1a: Maractus\n|-ability|p2a: Buzzwole|Beast Boost|boost\n|-boost|p2a: Buzzwole|atk|1\n|\n|-damage|p2a: Buzzwole|273/291 tox|[from] psn\n|upkeep\n|\n|t:|1684306643\n|switch|p1a: Kingdra|Kingdra, L82, M|257/257\n|turn|4\n|inactive|Spellzlamser has 120 seconds left.\n|\n|t:|1684306676\n|move|p1a: Kingdra|Hurricane|p2a: Buzzwole\n|-supereffective|p2a: Buzzwole\n|-damage|p2a: Buzzwole|0 fnt\n|faint|p2a: Buzzwole\n|-damage|p1a: Kingdra|232/257|[from] item: Life Orb\n|\n|upkeep\n|inactive|Spellzlamser has 120 seconds left.\n|\n|t:|1684306691\n|switch|p2a: Milotic|Milotic, L82, F|254/290\n|turn|5\n|\n|t:|1684306701\n|switch|p1a: Magnezone|Magnezone, L84|255/255\n|move|p2a: Milotic|Ice Beam|p1a: Magnezone\n|-resisted|p1a: Magnezone\n|-damage|p1a: Magnezone|226/255\n|\n|-heal|p2a: Milotic|272/290|[from] item: Leftovers\n|upkeep\n|turn|6\n|inactive|Spellzlamser has 120 seconds left.\n|\n|t:|1684306716\n|switch|p2a: Mudsdale|Mudsdale, L82, F|298/298\n|move|p1a: Magnezone|Volt Switch|p2a: Mudsdale\n|-immune|p2a: Mudsdale\n|\n|upkeep\n|turn|7\n|\n|t:|1684306723\n|switch|p1a: Kingdra|Kingdra, L82, M|232/257\n|move|p2a: Mudsdale|Stealth Rock|p1a: Kingdra\n|-sidestart|p1: TheLegendMoulaJatt|move: Stealth Rock\n|\n|upkeep\n|turn|8\n|inactive|Spellzlamser has 120 seconds left.\n|\n|t:|1684306743\n|switch|p2a: Milotic|Milotic, L82, F|272/290\n|move|p1a: Kingdra|Rain Dance|p1a: Kingdra\n|-weather|RainDance\n|\n|-weather|RainDance|[upkeep]\n|-heal|p2a: Milotic|290/290|[from] item: Leftovers\n|upkeep\n|turn|9\n|\n|t:|1684306752\n|switch|p1a: Magnezone|Magnezone, L84|226/255\n|-damage|p1a: Magnezone|211/255|[from] Stealth Rock\n|move|p2a: Milotic|Scald|p1a: Magnezone\n|-damage|p1a: Magnezone|93/255\n|\n|-weather|RainDance|[upkeep]\n|upkeep\n|turn|10\n|\n|t:|1684306772\n|move|p1a: Magnezone|Thunderbolt|p2a: Milotic\n|-supereffective|p2a: Milotic\n|-damage|p2a: Milotic|102/290\n|move|p2a: Milotic|Scald|p1a: Magnezone\n|-damage|p1a: Magnezone|0 fnt\n|faint|p1a: Magnezone\n|\n|-weather|RainDance|[upkeep]\n|-heal|p2a: Milotic|120/290|[from] item: Leftovers\n|upkeep\n|\n|t:|1684306779\n|switch|p1a: Pikachu|Pikachu-Partner, L92, M|214/214\n|-damage|p1a: Pikachu|188/214|[from] Stealth Rock\n|turn|11\n|inactive|TheLegendMoulaJatt has 120 seconds left.\n|\n|t:|1684306804\n|switch|p2a: Mudsdale|Mudsdale, L82, F|298/298\n|-start|p1a: Pikachu|Dynamax|\n|-heal|p1a: Pikachu|376/428|[silent]\n|move|p1a: Pikachu|Max Geyser|p2a: Mudsdale\n|-supereffective|p2a: Mudsdale\n|-damage|p2a: Mudsdale|0 fnt\n|faint|p2a: Mudsdale\n|\n|-weather|RainDance|[upkeep]\n|upkeep\n|inactive|Spellzlamser has 120 seconds left.\n|\n|t:|1684306829\n|switch|p2a: Milotic|Milotic, L82, F|120/290\n|turn|12\n|\n|t:|1684306833\n|move|p1a: Pikachu|Max Lightning|p2a: Milotic\n|-supereffective|p2a: Milotic\n|-damage|p2a: Milotic|0 fnt\n|-fieldstart|move: Electric Terrain\n|faint|p2a: Milotic\n|\n|-weather|none\n|upkeep\n|inactive|Spellzlamser has 120 seconds left.\n|\n|t:|1684306850\n|switch|p2a: Zamazenta|Zamazenta, L73|255/255\n|-ability|p2a: Zamazenta|Dauntless Shield|boost\n|-boost|p2a: Zamazenta|def|1\n|turn|13\n|inactive|Spellzlamser has 120 seconds left.\n|\n|t:|1684306868\n|move|p2a: Zamazenta|Close Combat|p1a: Pikachu\n|-damage|p1a: Pikachu|100/428\n|-unboost|p2a: Zamazenta|def|1\n|-unboost|p2a: Zamazenta|spd|1\n|move|p1a: Pikachu|Max Lightning|p2a: Zamazenta\n|-damage|p2a: Zamazenta|0 fnt\n|faint|p2a: Zamazenta\n|\n|upkeep\n|inactive|Spellzlamser has 120 seconds left.\n|\n|t:|1684306878\n|switch|p2a: Stonjourner|Stonjourner, L88, F|319/319\n|-end|p1a: Pikachu|Dynamax\n|-heal|p1a: Pikachu|50/214|[silent]\n|turn|14\n|inactive|Spellzlamser has 120 seconds left.\n|\n|t:|1684306885\n|move|p1a: Pikachu|Surf|p2a: Stonjourner\n|-supereffective|p2a: Stonjourner\n|-damage|p2a: Stonjourner|0 fnt\n|faint|p2a: Stonjourner\n|\n|upkeep\n|inactive|Spellzlamser has 120 seconds left.\n|\n|t:|1684306891\n|switch|p2a: Linoone|Linoone, L84, M|268/268\n|turn|15\n|\n|t:|1684306903\n|move|p2a: Linoone|Extreme Speed|p1a: Pikachu\n|-damage|p1a: Pikachu|0 fnt\n|faint|p1a: Pikachu\n|\n|upkeep\n|\n|t:|1684306923\n|switch|p1a: Mamoswine|Mamoswine, L80, M|307/307\n|-damage|p1a: Mamoswine|269/307|[from] Stealth Rock\n|turn|16\n|\n|t:|1684306931\n|move|p2a: Linoone|Belly Drum|p2a: Linoone\n|-damage|p2a: Linoone|134/268\n|-setboost|p2a: Linoone|atk|6|[from] move: Belly Drum\n|-enditem|p2a: Linoone|Wiki Berry|[eat]\n|-heal|p2a: Linoone|223/268|[from] item: Wiki Berry\n|move|p1a: Mamoswine|Earthquake|p2a: Linoone\n|-damage|p2a: Linoone|0 fnt\n|faint|p2a: Linoone\n|\n|win|TheLegendMoulaJatt\n|raw|TheLegendMoulaJatt's rating: 1176 &rarr; <strong>1198</strong><br />(+22 for winning)\n|raw|Spellzlamser's rating: 1141 &rarr; <strong>1119</strong><br />(-22 for losing)\n|l|\u2606Spellzlamser\n", "inputlog": ">version 3f967b429d9dd76d8eb692efdd7dfe9038092d20\n>start {\"formatid\":\"gen8randombattle\",\"seed\":[20097,51236,35481,61135],\"rated\":\"Rated battle\"}\n>player p1 {\"name\":\"TheLegendMoulaJatt\",\"avatar\":\"ghetsis-gen5bw\",\"rating\":1176,\"seed\":[47246,8335,32504,195]}\n>player p2 {\"name\":\"Spellzlamser\",\"avatar\":\"roxie\",\"rating\":1141,\"seed\":[15919,50745,24,29611]}\n>p1 move leechseed\n>p2 move icebeam\n>p1 move spikyshield\n>p2 switch 5\n>p1 move toxic\n>p2 move leechlife\n>p1 switch 6\n>p1 move hurricane\n>p2 move leechlife\n>p2 switch 5\n>p1 switch 3\n>p2 move icebeam\n>p1 move voltswitch\n>p2 switch 3\n>p1 switch 3\n>p2 move stealthrock\n>p1 move raindance\n>p2 switch 3\n>p1 switch 3\n>p2 move scald\n>p1 move thunderbolt\n>p2 move scald\n>p1 switch 5\n>p1 move surf dynamax\n>p2 switch 3\n>p2 switch 3\n>p1 move voltswitch dynamax\n>p2 move recover\n>p2 switch 4\n>p1 move volttackle dynamax\n>p2 move closecombat\n>p2 switch 2\n>p1 move surf\n>p2 move earthquake\n>p2 switch 6\n>p1 move volttackle\n>p2 move extremespeed\n>p1 switch 4\n>p1 move earthquake\n>p2 move bellydrum", "uploadtime": 1684306950, "views": 4, "p1id": "thelegendmoulajatt", "p2id": "spellzlamser", "formatid": "gen8randombattle", "rating": 1119, "private": 0, "password": ""}