{"id": "gen8randombattle-1708092487", "p1": "skillgamebtw", "p2": "MichaelderBeste2", "format": "[Gen 8] Random Battle", "log": "|j|\u2606skillgamebtw\n|j|\u2606MichaelderBeste2\n|t:|1668160856\n|gametype|singles\n|player|p1|skillgamebtw|101|2444\n|player|p2|MichaelderBeste2|#wcop2021germany|2469\n|teamsize|p1|6\n|teamsize|p2|6\n|gen|8\n|tier|[Gen 8] Random Battle\n|rated|\n|rule|Species Clause: Limit one of each Pok\u00e9mon\n|rule|HP Percentage Mod: HP is shown in percentages\n|rule|Sleep Clause Mod: Limit one foe put to sleep\n|\n|t:|1668160856\n|start\n|switch|p1a: Zapdos|Zapdos-Galar, L76|262/262\n|switch|p2a: Reshiram|Reshiram, L74|270/270\n|-ability|p2a: Reshiram|Turboblaze\n|turn|1\n|j| Jelly cookie\n|\n|t:|1668160888\n|switch|p1a: Moltres|Moltres, L80|275/275\n|-ability|p1a: Moltres|Pressure\n|move|p2a: Reshiram|Draco Meteor|p1a: Moltres\n|-damage|p1a: Moltres|121/275\n|-unboost|p2a: Reshiram|spa|2\n|\n|upkeep\n|turn|2\n|\n|t:|1668160902\n|switch|p1a: Nidoqueen|Nidoqueen, L84, F|288/288\n|switch|p2a: Tentacruel|Tentacruel, L84, M|272/272\n|\n|upkeep\n|turn|3\n|\n|t:|1668160913\n|move|p2a: Tentacruel|Scald|p1a: Nidoqueen\n|-supereffective|p1a: Nidoqueen\n|-damage|p1a: Nidoqueen|132/288\n|move|p1a: Nidoqueen|Earth Power|p2a: Tentacruel\n|-supereffective|p2a: Tentacruel\n|-damage|p2a: Tentacruel|69/272\n|\n|-heal|p2a: Tentacruel|86/272|[from] item: Black Sludge\n|upkeep\n|turn|4\n|j| dankjeacht\n|\n|t:|1668160940\n|switch|p1a: Grimmsnarl|Grimmsnarl, L82, M|290/290\n|move|p2a: Tentacruel|Scald|p1a: Grimmsnarl\n|-damage|p1a: Grimmsnarl|197/290\n|\n|-heal|p2a: Tentacruel|103/272|[from] item: Black Sludge\n|upkeep\n|turn|5\n|\n|t:|1668160946\n|switch|p2a: Ninetales|Ninetales-Alola, L79, F|245/245\n|-weather|Hail|[from] ability: Snow Warning|[of] p2a: Ninetales\n|switch|p1a: Genesect|Genesect-Douse, L74|227/227\n|-ability|p1a: Genesect|Download|boost\n|-boost|p1a: Genesect|atk|1\n|\n|-weather|Hail|[upkeep]\n|-damage|p1a: Genesect|213/227|[from] Hail\n|upkeep\n|turn|6\n|c| dankjeacht|elo so high\n|j| Marth bruh\n|\n|t:|1668160996\n|switch|p2a: Audino|Audino, L91, M|335/335\n|switch|p1a: Grimmsnarl|Grimmsnarl, L82, M|197/290\n|\n|-weather|Hail|[upkeep]\n|-damage|p1a: Grimmsnarl|179/290|[from] Hail\n|-damage|p2a: Audino|315/335|[from] Hail\n|-heal|p2a: Audino|335/335|[from] item: Leftovers\n|upkeep\n|turn|7\n|\n|t:|1668161027\n|move|p1a: Grimmsnarl|Bulk Up|p1a: Grimmsnarl\n|-boost|p1a: Grimmsnarl|atk|1\n|-boost|p1a: Grimmsnarl|def|1\n|move|p2a: Audino|Wish|p2a: Audino\n|\n|-weather|Hail|[upkeep]\n|-damage|p1a: Grimmsnarl|161/290|[from] Hail\n|-damage|p2a: Audino|315/335|[from] Hail\n|-heal|p2a: Audino|335/335|[from] item: Leftovers\n|upkeep\n|turn|8\n|\n|t:|1668161037\n|switch|p2a: Ninetales|Ninetales-Alola, L79, F|245/245\n|-start|p1a: Grimmsnarl|Dynamax|Gmax\n|-heal|p1a: Grimmsnarl|322/580|[silent]\n|move|p1a: Grimmsnarl|Max Starfall|p2a: Ninetales\n|-damage|p2a: Ninetales|0 fnt\n|-fieldstart|move: Misty Terrain\n|faint|p2a: Ninetales\n|\n|-weather|Hail|[upkeep]\n|-damage|p1a: Grimmsnarl|304/580|[from] Hail\n|upkeep\n|\n|t:|1668161054\n|switch|p2a: Audino|Audino, L91, M|335/335\n|turn|9\n|\n|t:|1668161070\n|move|p1a: Grimmsnarl|Max Starfall|p2a: Audino\n|-damage|p2a: Audino|116/335\n|move|p2a: Audino|Wish|p2a: Audino\n|\n|-weather|none\n|-heal|p2a: Audino|136/335|[from] item: Leftovers\n|upkeep\n|turn|10\n|\n|t:|1668161077\n|switch|p2a: Reshiram|Reshiram, L74|270/270\n|-ability|p2a: Reshiram|Turboblaze\n|move|p1a: Grimmsnarl|Max Starfall|p2a: Reshiram\n|-damage|p2a: Reshiram|42/270\n|\n|-heal|p2a: Reshiram|209/270|[from] move: Wish|[wisher] Audino\n|upkeep\n|-end|p1a: Grimmsnarl|Dynamax\n|-heal|p1a: Grimmsnarl|152/290|[silent]\n|turn|11\n|\n|t:|1668161098\n|switch|p1a: Moltres|Moltres, L80|121/275\n|-ability|p1a: Moltres|Pressure\n|move|p2a: Reshiram|Blue Flare|p1a: Moltres|[miss]\n|-miss|p2a: Reshiram|p1a: Moltres\n|\n|upkeep\n|turn|12\n|\n|t:|1668161116\n|switch|p1a: Shiftry|Shiftry, L86, F|295/295\n|switch|p2a: Audino|Audino, L91, M|247/335\n|\n|-heal|p2a: Audino|267/335|[from] item: Leftovers\n|-fieldend|Misty Terrain\n|upkeep\n|turn|13\n|\n|t:|1668161131\n|switch|p2a: Pheromosa|Pheromosa, L75|230/230\n|move|p1a: Shiftry|Nasty Plot|p1a: Shiftry\n|-boost|p1a: Shiftry|spa|2\n|\n|upkeep\n|turn|14\n|\n|t:|1668161139\n|switch|p1a: Moltres|Moltres, L80|121/275\n|-ability|p1a: Moltres|Pressure\n|move|p2a: Pheromosa|U-turn|p1a: Moltres\n|-resisted|p1a: Moltres\n|-damage|p1a: Moltres|91/275\n|\n|t:|1668161144\n|switch|p2a: Tentacruel|Tentacruel, L84, M|103/272\n|\n|-heal|p2a: Tentacruel|120/272|[from] item: Black Sludge\n|upkeep\n|turn|15\n|\n|t:|1668161149\n|switch|p1a: Shiftry|Shiftry, L86, F|295/295\n|move|p2a: Tentacruel|Scald|p1a: Shiftry\n|-resisted|p1a: Shiftry\n|-crit|p1a: Shiftry\n|-damage|p1a: Shiftry|226/295\n|\n|-heal|p2a: Tentacruel|137/272|[from] item: Black Sludge\n|upkeep\n|turn|16\n|\n|t:|1668161161\n|switch|p2a: Pheromosa|Pheromosa, L75|230/230\n|move|p1a: Shiftry|Leaf Storm|p2a: Pheromosa\n|-resisted|p2a: Pheromosa\n|-damage|p2a: Pheromosa|43/230\n|-unboost|p1a: Shiftry|spa|2\n|-damage|p1a: Shiftry|197/295|[from] item: Life Orb\n|\n|upkeep\n|turn|17\n|\n|t:|1668161192\n|switch|p1a: Moltres|Moltres, L80|91/275\n|-ability|p1a: Moltres|Pressure\n|move|p2a: Pheromosa|U-turn|p1a: Moltres\n|-resisted|p1a: Moltres\n|-damage|p1a: Moltres|60/275\n|\n|t:|1668161196\n|switch|p2a: Tentacruel|Tentacruel, L84, M|137/272\n|\n|-heal|p2a: Tentacruel|154/272|[from] item: Black Sludge\n|upkeep\n|turn|18\n|\n|t:|1668161207\n|move|p2a: Tentacruel|Scald|p1a: Moltres\n|-supereffective|p1a: Moltres\n|-damage|p1a: Moltres|0 fnt\n|faint|p1a: Moltres\n|\n|-heal|p2a: Tentacruel|171/272|[from] item: Black Sludge\n|upkeep\n|\n|t:|1668161227\n|switch|p1a: Grimmsnarl|Grimmsnarl, L82, M|152/290\n|turn|19\n|\n|t:|1668161243\n|move|p2a: Tentacruel|Scald|p1a: Grimmsnarl\n|-damage|p1a: Grimmsnarl|61/290\n|move|p1a: Grimmsnarl|Darkest Lariat|p2a: Tentacruel\n|-damage|p2a: Tentacruel|36/272\n|\n|-heal|p2a: Tentacruel|53/272|[from] item: Black Sludge\n|upkeep\n|turn|20\n|\n|t:|1668161248\n|move|p1a: Grimmsnarl|Rest|p1a: Grimmsnarl\n|-status|p1a: Grimmsnarl|slp|[from] move: Rest\n|-heal|p1a: Grimmsnarl|290/290 slp|[silent]\n|-enditem|p1a: Grimmsnarl|Chesto Berry|[eat]\n|-curestatus|p1a: Grimmsnarl|slp|[msg]\n|move|p2a: Tentacruel|Scald|p1a: Grimmsnarl\n|-damage|p1a: Grimmsnarl|203/290\n|\n|-heal|p2a: Tentacruel|70/272|[from] item: Black Sludge\n|upkeep\n|turn|21\n|\n|t:|1668161264\n|switch|p2a: Reshiram|Reshiram, L74|209/270\n|-ability|p2a: Reshiram|Turboblaze\n|move|p1a: Grimmsnarl|Darkest Lariat|p2a: Reshiram\n|-damage|p2a: Reshiram|112/270\n|\n|upkeep\n|turn|22\n|\n|t:|1668161269\n|move|p2a: Reshiram|Roost|p2a: Reshiram\n|-heal|p2a: Reshiram|247/270\n|-singleturn|p2a: Reshiram|move: Roost\n|move|p1a: Grimmsnarl|Play Rough|p2a: Reshiram\n|-damage|p2a: Reshiram|129/270\n|\n|upkeep\n|turn|23\n|\n|t:|1668161285\n|move|p1a: Grimmsnarl|Bulk Up|p1a: Grimmsnarl\n|-boost|p1a: Grimmsnarl|atk|1\n|-boost|p1a: Grimmsnarl|def|1\n|move|p2a: Reshiram|Blue Flare|p1a: Grimmsnarl\n|-damage|p1a: Grimmsnarl|19/290\n|\n|upkeep\n|turn|24\n|\n|t:|1668161292\n|move|p2a: Reshiram|Earth Power|p1a: Grimmsnarl\n|-damage|p1a: Grimmsnarl|0 fnt\n|faint|p1a: Grimmsnarl\n|\n|upkeep\n|\n|t:|1668161296\n|switch|p1a: Shiftry|Shiftry, L86, F|197/295\n|turn|25\n|\n|t:|1668161302\n|move|p1a: Shiftry|Dark Pulse|p2a: Reshiram\n|-damage|p2a: Reshiram|24/270\n|-damage|p1a: Shiftry|168/295|[from] item: Life Orb\n|move|p2a: Reshiram|Blue Flare|p1a: Shiftry|[miss]\n|-miss|p2a: Reshiram|p1a: Shiftry\n|\n|upkeep\n|turn|26\n|\n|t:|1668161311\n|move|p1a: Shiftry|Dark Pulse|p2a: Reshiram\n|-damage|p2a: Reshiram|0 fnt\n|faint|p2a: Reshiram\n|-damage|p1a: Shiftry|139/295|[from] item: Life Orb\n|\n|upkeep\n|\n|t:|1668161314\n|switch|p2a: Pheromosa|Pheromosa, L75|43/230\n|turn|27\n|\n|t:|1668161320\n|move|p2a: Pheromosa|U-turn|p1a: Shiftry\n|-supereffective|p1a: Shiftry\n|-damage|p1a: Shiftry|0 fnt\n|faint|p1a: Shiftry\n|-ability|p2a: Pheromosa|Beast Boost|boost\n|-boost|p2a: Pheromosa|spe|1\n|\n|t:|1668161326\n|switch|p2a: Tentacruel|Tentacruel, L84, M|70/272\n|\n|-heal|p2a: Tentacruel|87/272|[from] item: Black Sludge\n|upkeep\n|\n|t:|1668161352\n|switch|p1a: Genesect|Genesect-Douse, L74|213/227\n|-ability|p1a: Genesect|Download|boost\n|-boost|p1a: Genesect|atk|1\n|turn|28\n|\n|t:|1668161356\n|move|p2a: Tentacruel|Scald|p1a: Genesect\n|-damage|p1a: Genesect|137/227\n|-status|p1a: Genesect|brn\n|move|p1a: Genesect|Iron Head|p2a: Tentacruel\n|-resisted|p2a: Tentacruel\n|-damage|p2a: Tentacruel|50/272\n|\n|-heal|p2a: Tentacruel|67/272|[from] item: Black Sludge\n|-damage|p1a: Genesect|123/227 brn|[from] brn\n|upkeep\n|turn|29\n|j| Scarlet Rotussy\n|-message|skillgamebtw forfeited.\n|\n|win|MichaelderBeste2\n|raw|skillgamebtw's rating: 2444 &rarr; <strong>2425</strong><br />(-19 for losing)\n|raw|MichaelderBeste2's rating: 2469 &rarr; <strong>2488</strong><br />(+19 for winning)\n|l|\u2606skillgamebtw\n|l|\u2606MichaelderBeste2\n|l| Jelly cookie\n|l| Scarlet Rotussy\n", "inputlog": ">version 453a3ad56483cc6a5c08448f6577d394b68621b7\n>start {\"formatid\":\"gen8randombattle\",\"seed\":[39740,24409,22654,62325],\"rated\":\"Rated battle\"}\n>player p1 {\"name\":\"skillgamebtw\",\"avatar\":\"101\",\"rating\":2444,\"seed\":[58270,48095,43201,59651]}\n>player p2 {\"name\":\"MichaelderBeste2\",\"avatar\":\"#wcop2021germany\",\"rating\":2469,\"seed\":[46825,5209,58914,27402]}\n>p1 switch 3\n>p2 move dracometeor\n>p1 switch 2\n>p2 switch 6\n>p1 move earthpower\n>p2 move scald\n>p1 switch 5\n>p2 move scald\n>p1 switch 6\n>p2 switch 2\n>chat  dankjeacht|elo so high\n>p1 switch 6\n>p2 switch 3\n>p1 move bulkup\n>p2 move wish\n>p1 move playrough dynamax\n>p2 switch 3\n>p2 switch 3\n>p1 move playrough dynamax\n>p2 move wish\n>p1 move playrough dynamax\n>p2 switch 6\n>p1 switch 2\n>p2 move blueflare\n>p1 switch 4\n>p2 switch 6\n>p1 move nastyplot\n>p2 switch 5\n>p1 switch 4\n>p2 move uturn\n>p2 switch 2\n>p1 switch 4\n>p2 move scald\n>p1 move leafstorm\n>p2 switch 2\n>p1 switch 4\n>p2 move uturn\n>p2 switch 2\n>p1 move airslash\n>p2 move scald\n>p1 switch 2\n>p1 move darkestlariat\n>p2 move scald\n>p1 move rest\n>p2 move scald\n>p1 move darkestlariat\n>p2 switch 6\n>p1 move playrough\n>p2 move roost\n>p1 move bulkup\n>p2 move blueflare\n>p1 move playrough\n>p2 move earthpower\n>p1 switch 4\n>p1 move darkpulse\n>p2 move blueflare\n>p1 move darkpulse\n>p2 move dracometeor\n>p2 switch 2\n>p1 move leafstorm\n>p2 move uturn\n>p2 switch 6\n>p1 switch 6\n>p1 move ironhead\n>p2 move scald\n>forcelose p1", "uploadtime": 1668161656, "views": 17, "p1id": "skillgamebtw", "p2id": "michaelderbeste2", "formatid": "gen8randombattle", "rating": 2425, "private": 0, "password": null}