{"id": "gen8randombattle-1873186566", "p1": "flyingworkshop", "p2": "savage2play", "format": "[Gen 8] Random Battle", "log": "|j|\u2606flyingworkshop\n|j|\u2606savage2play\n|t:|1685338912\n|gametype|singles\n|player|p1|flyingworkshop|dawn|1246\n|player|p2|savage2play|cynthia|1355\n|teamsize|p1|6\n|teamsize|p2|6\n|gen|8\n|tier|[Gen 8] Random Battle\n|rated|\n|rule|Species Clause: Limit one of each Pok\u00e9mon\n|rule|HP Percentage Mod: HP is shown in percentages\n|rule|Sleep Clause Mod: Limit one foe put to sleep\n|\n|t:|1685338912\n|start\n|switch|p1a: Jolteon|Jolteon, L82, F|241/241\n|switch|p2a: Sandslash|Sandslash-Alola, L86, M|269/269\n|turn|1\n|inactive|Battle timer is ON: inactive players will automatically lose when time's up. (requested by savage2play)\n|inactive|flyingworkshop has 120 seconds left.\n|\n|t:|1685338962\n|move|p1a: Jolteon|Thunderbolt|p2a: Sandslash\n|-damage|p2a: Sandslash|88/269\n|move|p2a: Sandslash|Triple Axel|p1a: Jolteon\n|-damage|p1a: Jolteon|210/241\n|-damage|p1a: Jolteon|150/241\n|-hitcount|p1a: Jolteon|2\n|\n|upkeep\n|turn|2\n|\n|t:|1685338982\n|switch|p2a: Toxtricity|Toxtricity, L82, F|257/257\n|move|p1a: Jolteon|Thunderbolt|p2a: Toxtricity\n|-resisted|p2a: Toxtricity\n|-damage|p2a: Toxtricity|162/257\n|\n|upkeep\n|turn|3\n|\n|t:|1685338988\n|switch|p1a: Sigilyph|Sigilyph, L83, F|255/255\n|move|p2a: Toxtricity|Boomburst|p1a: Sigilyph\n|-damage|p1a: Sigilyph|34/255\n|\n|upkeep\n|turn|4\n|\n|t:|1685339000\n|move|p1a: Sigilyph|Air Slash|p2a: Toxtricity\n|-resisted|p2a: Toxtricity\n|-damage|p2a: Toxtricity|96/257\n|move|p2a: Toxtricity|Boomburst|p1a: Sigilyph\n|-damage|p1a: Sigilyph|0 fnt\n|faint|p1a: Sigilyph\n|\n|upkeep\n|\n|t:|1685339008\n|switch|p1a: Whiscash|Whiscash, L86, M|329/329\n|turn|5\n|\n|t:|1685339013\n|move|p2a: Toxtricity|Boomburst|p1a: Whiscash\n|-damage|p1a: Whiscash|86/329\n|move|p1a: Whiscash|Dragon Dance|p1a: Whiscash\n|-boost|p1a: Whiscash|atk|1\n|-boost|p1a: Whiscash|spe|1\n|\n|upkeep\n|turn|6\n|\n|t:|1685339019\n|move|p1a: Whiscash|Earthquake|p2a: Toxtricity\n|-supereffective|p2a: Toxtricity\n|-damage|p2a: Toxtricity|0 fnt\n|faint|p2a: Toxtricity\n|-damage|p1a: Whiscash|54/329|[from] item: Life Orb\n|\n|upkeep\n|\n|t:|1685339024\n|switch|p2a: Liepard|Liepard, L86, F|250/250\n|turn|7\n|\n|t:|1685339029\n|move|p2a: Liepard|Copycat|p2a: Liepard\n|move|p2a: Liepard|Earthquake|p1a: Whiscash|[from]move: Copycat\n|-damage|p1a: Whiscash|0 fnt\n|faint|p1a: Whiscash\n|\n|upkeep\n|\n|t:|1685339037\n|switch|p1a: Skarmory|Skarmory, L80, M|235/235\n|turn|8\n|\n|t:|1685339049\n|switch|p2a: Mr. Mime|Mr. Mime, L86, M|209/209\n|move|p1a: Skarmory|Spikes|p2a: Mr. Mime\n|-sidestart|p2: savage2play|Spikes\n|\n|upkeep\n|turn|9\n|inactive|flyingworkshop has 120 seconds left.\n|\n|t:|1685339082\n|move|p2a: Mr. Mime|Nasty Plot|p2a: Mr. Mime\n|-boost|p2a: Mr. Mime|spa|2\n|move|p1a: Skarmory|Spikes|p2a: Mr. Mime\n|-sidestart|p2: savage2play|Spikes\n|\n|upkeep\n|turn|10\n|\n|t:|1685339090\n|switch|p1a: Jolteon|Jolteon, L82, F|150/241\n|move|p2a: Mr. Mime|Focus Blast|p1a: Jolteon|[miss]\n|-miss|p2a: Mr. Mime|p1a: Jolteon\n|\n|upkeep\n|turn|11\n|\n|t:|1685339099\n|-start|p1a: Jolteon|Dynamax|\n|-heal|p1a: Jolteon|300/482|[silent]\n|move|p1a: Jolteon|Max Phantasm|p2a: Mr. Mime\n|-supereffective|p2a: Mr. Mime\n|-damage|p2a: Mr. Mime|107/209\n|-unboost|p2a: Mr. Mime|def|1\n|move|p2a: Mr. Mime|Psychic|p1a: Jolteon\n|-damage|p1a: Jolteon|37/482\n|-damage|p2a: Mr. Mime|87/209|[from] item: Life Orb\n|\n|upkeep\n|turn|12\n|\n|t:|1685339115\n|switch|p2a: Sandslash|Sandslash-Alola, L86, M|88/269\n|-damage|p2a: Sandslash|44/269|[from] Spikes\n|move|p1a: Jolteon|Max Lightning|p2a: Sandslash\n|-damage|p2a: Sandslash|0 fnt\n|-fieldstart|move: Electric Terrain\n|faint|p2a: Sandslash\n|\n|upkeep\n|\n|t:|1685339129\n|switch|p2a: Liepard|Liepard, L86, F|250/250\n|-damage|p2a: Liepard|209/250|[from] Spikes\n|turn|13\n|\n|t:|1685339142\n|move|p1a: Jolteon|Max Lightning|p2a: Liepard\n|-damage|p2a: Liepard|0 fnt\n|faint|p2a: Liepard\n|\n|upkeep\n|\n|t:|1685339148\n|switch|p2a: Mew|Mew, L80|291/291\n|-damage|p2a: Mew|243/291|[from] Spikes\n|-end|p1a: Jolteon|Dynamax\n|-heal|p1a: Jolteon|19/241|[silent]\n|turn|14\n|\n|t:|1685339154\n|move|p1a: Jolteon|Shadow Ball|p2a: Mew\n|-supereffective|p2a: Mew\n|-damage|p2a: Mew|65/291\n|-unboost|p2a: Mew|spd|1\n|move|p2a: Mew|Dragon Dance|p2a: Mew\n|-boost|p2a: Mew|atk|1\n|-boost|p2a: Mew|spe|1\n|\n|upkeep\n|turn|15\n|\n|t:|1685339167\n|-start|p2a: Mew|Dynamax|\n|-heal|p2a: Mew|130/582|[silent]\n|move|p2a: Mew|Max Flare|p1a: Jolteon\n|-damage|p1a: Jolteon|0 fnt\n|-weather|SunnyDay\n|faint|p1a: Jolteon\n|\n|-weather|SunnyDay|[upkeep]\n|upkeep\n|\n|t:|1685339176\n|switch|p1a: Tauros|Tauros, L82, M|257/257\n|turn|16\n|\n|t:|1685339182\n|move|p2a: Mew|Max Knuckle|p1a: Tauros\n|-supereffective|p1a: Tauros\n|-damage|p1a: Tauros|63/257\n|-boost|p2a: Mew|atk|1\n|move|p1a: Tauros|Throat Chop|p2a: Mew\n|-supereffective|p2a: Mew\n|-damage|p2a: Mew|0 fnt\n|faint|p2a: Mew\n|\n|-weather|SunnyDay|[upkeep]\n|-fieldend|move: Electric Terrain\n|upkeep\n|\n|t:|1685339193\n|switch|p2a: Mr. Mime|Mr. Mime, L86, M|87/209\n|-damage|p2a: Mr. Mime|53/209|[from] Spikes\n|turn|17\n|\n|t:|1685339197\n|move|p1a: Tauros|Throat Chop|p2a: Mr. Mime\n|-damage|p2a: Mr. Mime|0 fnt\n|faint|p2a: Mr. Mime\n|\n|-weather|SunnyDay|[upkeep]\n|upkeep\n|\n|t:|1685339204\n|switch|p2a: Frosmoth|Frosmoth, L82, F|249/249\n|turn|18\n|\n|t:|1685339214\n|move|p1a: Tauros|Rock Slide|p2a: Frosmoth\n|-supereffective|p2a: Frosmoth\n|-damage|p2a: Frosmoth|0 fnt\n|faint|p2a: Frosmoth\n|\n|win|flyingworkshop\n|raw|flyingworkshop's rating: 1265 &rarr; <strong>1296</strong><br />(+31 for winning)\n|raw|savage2play's rating: 1355 &rarr; <strong>1330</strong><br />(-25 for losing)\n|l|\u2606savage2play\n", "inputlog": ">version 6fec31d5a0d4498a06105aa188c9906bc0b6bf95\n>start {\"formatid\":\"gen8randombattle\",\"seed\":[2707,22320,23140,50761],\"rated\":\"Rated battle\"}\n>player p1 {\"name\":\"flyingworkshop\",\"avatar\":\"dawn\",\"rating\":1246,\"seed\":[14821,13055,37018,12725]}\n>player p2 {\"name\":\"savage2play\",\"avatar\":\"cynthia\",\"rating\":1355,\"seed\":[27156,43839,48989,41648]}\n>p1 move thunderbolt\n>p2 move tripleaxel\n>p1 move thunderbolt\n>p2 switch 3\n>p1 switch 2\n>p2 move boomburst\n>p1 move airslash\n>p2 move boomburst\n>p1 switch 5\n>p1 move dragondance\n>p2 move boomburst\n>p1 move earthquake\n>p2 move boomburst\n>p2 switch 4\n>p1 move liquidation\n>p2 move copycat\n>p1 switch 6\n>p1 move spikes\n>p2 switch 6\n>p1 move spikes\n>p2 move nastyplot\n>p1 switch 2\n>p2 move focusblast\n>p1 move shadowball dynamax\n>p2 move psychic\n>p1 move thunderbolt dynamax\n>p2 switch 3\n>p2 switch 6\n>p1 move thunderbolt dynamax\n>p2 move knockoff\n>p2 switch 2\n>p1 move shadowball\n>p2 move dragondance\n>p1 move shadowball\n>p2 move flareblitz dynamax\n>p1 switch 3\n>p1 move throatchop\n>p2 move closecombat dynamax\n>p2 switch 3\n>p1 move throatchop\n>p2 move psychic\n>p2 switch 5\n>p1 move rockslide\n>p2 move gigadrain", "uploadtime": 1685339221, "views": 4, "p1id": "flyingworkshop", "p2id": "savage2play", "formatid": "gen8randombattle", "rating": 1296, "private": 0, "password": ""}