{"id": "gen8randombattle-1874443965", "p1": "Doomful", "p2": "Quoise", "format": "[Gen 8] Random Battle", "log": "|j|\u2606Doomful\n|j|\u2606Quoise\n|t:|1685496015\n|gametype|singles\n|player|p1|Doomful|n-masters|\n|player|p2|Quoise|bugcatcher-gen4dp|\n|teamsize|p1|6\n|teamsize|p2|6\n|gen|8\n|tier|[Gen 8] Random Battle\n|rule|Species Clause: Limit one of each Pok\u00e9mon\n|rule|HP Percentage Mod: HP is shown in percentages\n|rule|Sleep Clause Mod: Limit one foe put to sleep\n|\n|t:|1685496015\n|start\n|switch|p1a: Hitmontop|Hitmontop, L85, M|224/224\n|switch|p2a: Zygarde|Zygarde, L70|267/267\n|-ability|p1a: Hitmontop|Intimidate|boost\n|-unboost|p2a: Zygarde|atk|1\n|turn|1\n|inactive|Battle timer is ON: inactive players will automatically lose when time's up. (requested by Quoise)\n|inactive|Doomful also wants the timer to be on.\n|c|\u2606Quoise|gl\n|c|\u2606Doomful|u2\n|\n|t:|1685496044\n|switch|p2a: Slowbro|Slowbro-Galar, L86, F|304/304\n|move|p1a: Hitmontop|Close Combat|p2a: Slowbro\n|-resisted|p2a: Slowbro\n|-damage|p2a: Slowbro|273/304\n|-unboost|p1a: Hitmontop|def|1\n|-unboost|p1a: Hitmontop|spd|1\n|\n|upkeep\n|turn|2\n|\n|t:|1685496062\n|switch|p1a: Goodra|Goodra, L82, F|282/282\n|move|p2a: Slowbro|Psychic|p1a: Goodra\n|-damage|p1a: Goodra|183/282\n|\n|upkeep\n|turn|3\n|inactive|Quoise has 270 seconds left.\n|\n|t:|1685496104\n|switch|p2a: Zarude|Zarude-Dada, L78|292/292\n|move|p1a: Goodra|Draco Meteor|p2a: Zarude\n|-damage|p2a: Zarude|157/292\n|-unboost|p1a: Goodra|spa|2\n|\n|-heal|p2a: Zarude|175/292|[from] item: Leftovers\n|upkeep\n|turn|4\n|\n|t:|1685496118\n|switch|p1a: Tangrowth|Tangrowth, L84, M|305/305\n|move|p2a: Zarude|Power Whip|p1a: Tangrowth\n|-resisted|p1a: Tangrowth\n|-damage|p1a: Tangrowth|256/305\n|-damage|p2a: Zarude|127/292|[from] item: Rocky Helmet|[of] p1a: Tangrowth\n|\n|-heal|p2a: Zarude|145/292|[from] item: Leftovers\n|upkeep\n|turn|5\n|inactive|Quoise has 270 seconds left.\n|\n|t:|1685496130\n|switch|p2a: Liepard|Liepard, L86, F|250/250\n|move|p1a: Tangrowth|Knock Off|p2a: Liepard\n|-resisted|p2a: Liepard\n|-damage|p2a: Liepard|203/250\n|-enditem|p2a: Liepard|Leftovers|[from] move: Knock Off|[of] p1a: Tangrowth\n|\n|upkeep\n|turn|6\n|inactive|Quoise has 270 seconds left.\n|\n|t:|1685496150\n|move|p2a: Liepard|Knock Off|p1a: Tangrowth\n|-damage|p1a: Tangrowth|181/305\n|-damage|p2a: Liepard|162/250|[from] item: Rocky Helmet|[of] p1a: Tangrowth\n|-enditem|p1a: Tangrowth|Rocky Helmet|[from] move: Knock Off|[of] p2a: Liepard\n|move|p1a: Tangrowth|Leech Seed|p2a: Liepard\n|-start|p2a: Liepard|move: Leech Seed\n|\n|-damage|p2a: Liepard|131/250|[from] Leech Seed|[of] p1a: Tangrowth\n|-heal|p1a: Tangrowth|212/305|[silent]\n|upkeep\n|turn|7\n|\n|t:|1685496157\n|switch|p2a: Slowbro|Slowbro-Galar, L86, F|304/304\n|move|p1a: Tangrowth|Knock Off|p2a: Slowbro\n|-supereffective|p2a: Slowbro\n|-damage|p2a: Slowbro|178/304\n|-enditem|p2a: Slowbro|Choice Specs|[from] move: Knock Off|[of] p1a: Tangrowth\n|\n|upkeep\n|turn|8\n|\n|t:|1685496172\n|switch|p1a: Regirock|Regirock, L85|275/275\n|move|p2a: Slowbro|Shell Side Arm|p1a: Regirock|[anim] Shell Side Arm Special\n|-resisted|p1a: Regirock\n|-damage|p1a: Regirock|231/275\n|-hint|Special Shell Side Arm\n|\n|upkeep\n|turn|9\n|\n|t:|1685496184\n|move|p1a: Regirock|Curse|p1a: Regirock\n|-unboost|p1a: Regirock|spe|1\n|-boost|p1a: Regirock|atk|1\n|-boost|p1a: Regirock|def|1\n|move|p2a: Slowbro|Trick|p1a: Regirock\n|-activate|p2a: Slowbro|move: Trick|[of] p1a: Regirock\n|-enditem|p1a: Regirock|Chesto Berry|[silent]|[from] move: Trick\n|-item|p2a: Slowbro|Chesto Berry|[from] move: Trick\n|\n|upkeep\n|turn|10\n|\n|t:|1685496194\n|move|p2a: Slowbro|Psychic|p1a: Regirock\n|-damage|p1a: Regirock|132/275\n|move|p1a: Regirock|Rock Slide|p2a: Slowbro\n|-damage|p2a: Slowbro|54/304\n|\n|upkeep\n|turn|11\n|\n|t:|1685496202\n|switch|p2a: Zygarde|Zygarde, L70|267/267\n|move|p1a: Regirock|Rock Slide|p2a: Zygarde\n|-resisted|p2a: Zygarde\n|-damage|p2a: Zygarde|203/267\n|\n|-heal|p2a: Zygarde|219/267|[from] item: Leftovers\n|upkeep\n|turn|12\n|\n|t:|1685496207\n|move|p2a: Zygarde|Dragon Dance|p2a: Zygarde\n|-boost|p2a: Zygarde|atk|1\n|-boost|p2a: Zygarde|spe|1\n|move|p1a: Regirock|Curse|p1a: Regirock\n|-unboost|p1a: Regirock|spe|1\n|-boost|p1a: Regirock|atk|1\n|-boost|p1a: Regirock|def|1\n|\n|-heal|p2a: Zygarde|235/267|[from] item: Leftovers\n|upkeep\n|turn|13\n|\n|t:|1685496212\n|move|p2a: Zygarde|Thousand Arrows|p1a: Regirock\n|-supereffective|p1a: Regirock\n|-crit|p1a: Regirock\n|-damage|p1a: Regirock|0 fnt\n|faint|p1a: Regirock\n|\n|-heal|p2a: Zygarde|251/267|[from] item: Leftovers\n|upkeep\n|\n|t:|1685496216\n|switch|p1a: Whimsicott|Whimsicott, L84, M|238/238\n|turn|14\n|\n|t:|1685496224\n|switch|p2a: Slowbro|Slowbro-Galar, L86, F|155/304\n|move|p1a: Whimsicott|Moonblast|p2a: Slowbro\n|-resisted|p2a: Slowbro\n|-damage|p2a: Slowbro|107/304\n|\n|upkeep\n|turn|15\n|\n|t:|1685496234\n|switch|p1a: Goodra|Goodra, L82, F|183/282\n|move|p2a: Slowbro|Trick|p1a: Goodra\n|-activate|p2a: Slowbro|move: Trick|[of] p1a: Goodra\n|-item|p1a: Goodra|Chesto Berry|[from] move: Trick\n|-item|p2a: Slowbro|Choice Scarf|[from] move: Trick\n|\n|upkeep\n|turn|16\n|\n|t:|1685496248\n|switch|p2a: Zarude|Zarude-Dada, L78|145/292\n|move|p1a: Goodra|Draco Meteor|p2a: Zarude\n|-damage|p2a: Zarude|7/292\n|-unboost|p1a: Goodra|spa|2\n|\n|-heal|p2a: Zarude|25/292|[from] item: Leftovers\n|upkeep\n|turn|17\n|\n|t:|1685496254\n|move|p2a: Zarude|Darkest Lariat|p1a: Goodra\n|-damage|p1a: Goodra|60/282\n|move|p1a: Goodra|Sludge Bomb|p2a: Zarude\n|-supereffective|p2a: Zarude\n|-damage|p2a: Zarude|0 fnt\n|faint|p2a: Zarude\n|\n|upkeep\n|\n|t:|1685496262\n|switch|p2a: Liepard|Liepard, L86, F|131/250\n|turn|18\n|\n|t:|1685496266\n|switch|p1a: Tangrowth|Tangrowth, L84, M|305/305\n|move|p2a: Liepard|Play Rough|p1a: Tangrowth\n|-damage|p1a: Tangrowth|257/305\n|\n|upkeep\n|turn|19\n|\n|t:|1685496272\n|move|p2a: Liepard|Copycat|p2a: Liepard\n|move|p2a: Liepard|Play Rough|p1a: Tangrowth|[from]move: Copycat|[miss]\n|-miss|p2a: Liepard|p1a: Tangrowth\n|move|p1a: Tangrowth|Knock Off|p2a: Liepard\n|-resisted|p2a: Liepard\n|-damage|p2a: Liepard|97/250\n|\n|upkeep\n|turn|20\n|\n|t:|1685496282\n|move|p2a: Liepard|Encore|p1a: Tangrowth\n|-start|p1a: Tangrowth|Encore\n|move|p1a: Tangrowth|Knock Off|p2a: Liepard\n|-resisted|p2a: Liepard\n|-damage|p2a: Liepard|63/250\n|\n|upkeep\n|turn|21\n|\n|t:|1685496285\n|switch|p2a: Slowbro|Slowbro-Galar, L86, F|208/304\n|move|p1a: Tangrowth|Knock Off|p2a: Slowbro\n|-supereffective|p2a: Slowbro\n|-damage|p2a: Slowbro|72/304\n|-enditem|p2a: Slowbro|Choice Scarf|[from] move: Knock Off|[of] p1a: Tangrowth\n|\n|upkeep\n|turn|22\n|\n|t:|1685496298\n|switch|p2a: Liepard|Liepard, L86, F|63/250\n|move|p1a: Tangrowth|Knock Off|p2a: Liepard\n|-resisted|p2a: Liepard\n|-damage|p2a: Liepard|28/250\n|\n|-end|p1a: Tangrowth|Encore\n|upkeep\n|turn|23\n|\n|t:|1685496305\n|move|p2a: Liepard|Play Rough|p1a: Tangrowth\n|-damage|p1a: Tangrowth|210/305\n|move|p1a: Tangrowth|Giga Drain|p2a: Liepard\n|-damage|p2a: Liepard|0 fnt\n|-heal|p1a: Tangrowth|224/305|[from] drain|[of] p2a: Liepard\n|faint|p2a: Liepard\n|\n|upkeep\n|\n|t:|1685496310\n|switch|p2a: Glastrier|Glastrier, L82|298/298\n|turn|24\n|\n|t:|1685496315\n|move|p1a: Tangrowth|Leech Seed|p2a: Glastrier\n|-start|p2a: Glastrier|move: Leech Seed\n|move|p2a: Glastrier|Icicle Crash|p1a: Tangrowth|[miss]\n|-miss|p2a: Glastrier|p1a: Tangrowth\n|\n|-damage|p2a: Glastrier|261/298|[from] Leech Seed|[of] p1a: Tangrowth\n|-heal|p1a: Tangrowth|261/305|[silent]\n|upkeep\n|turn|25\n|\n|t:|1685496324\n|switch|p1a: Hitmontop|Hitmontop, L85, M|224/224\n|-ability|p1a: Hitmontop|Intimidate|boost\n|-unboost|p2a: Glastrier|atk|1\n|move|p2a: Glastrier|Icicle Crash|p1a: Hitmontop|[miss]\n|-miss|p2a: Glastrier|p1a: Hitmontop\n|\n|-damage|p2a: Glastrier|224/298|[from] Leech Seed|[of] p1a: Hitmontop\n|upkeep\n|turn|26\n|c|\u2606Doomful|mb\n|\n|t:|1685496331\n|switch|p2a: Slowbro|Slowbro-Galar, L86, F|173/304\n|move|p1a: Hitmontop|Earthquake|p2a: Slowbro\n|-supereffective|p2a: Slowbro\n|-damage|p2a: Slowbro|33/304\n|\n|upkeep\n|turn|27\n|\n|t:|1685496346\n|switch|p2a: Groudon|Groudon, L73|266/266\n|-weather|SunnyDay|[from] ability: Drought|[of] p2a: Groudon\n|move|p1a: Hitmontop|Earthquake|p2a: Groudon\n|-damage|p2a: Groudon|212/266\n|\n|-weather|SunnyDay|[upkeep]\n|-heal|p2a: Groudon|228/266|[from] item: Leftovers\n|upkeep\n|turn|28\n|\n|t:|1685496375\n|switch|p1a: Goodra|Goodra, L82, F|60/282\n|move|p2a: Groudon|Swords Dance|p2a: Groudon\n|-boost|p2a: Groudon|atk|2\n|\n|-weather|SunnyDay|[upkeep]\n|-heal|p2a: Groudon|244/266|[from] item: Leftovers\n|upkeep\n|turn|29\n|\n|t:|1685496383\n|move|p1a: Goodra|Draco Meteor|p2a: Groudon\n|-damage|p2a: Groudon|91/266\n|-unboost|p1a: Goodra|spa|2\n|move|p2a: Groudon|Heavy Slam|p1a: Goodra\n|-damage|p1a: Goodra|0 fnt\n|faint|p1a: Goodra\n|\n|-weather|SunnyDay|[upkeep]\n|-heal|p2a: Groudon|107/266|[from] item: Leftovers\n|upkeep\n|inactive|Doomful has 270 seconds left.\n|\n|t:|1685496407\n|switch|p1a: Hitmontop|Hitmontop, L85, M|224/224\n|-ability|p1a: Hitmontop|Intimidate|boost\n|-unboost|p2a: Groudon|atk|1\n|turn|30\n|inactive|Doomful has 270 seconds left.\n|\n|t:|1685496425\n|move|p2a: Groudon|Precipice Blades|p1a: Hitmontop\n|-damage|p1a: Hitmontop|23/224\n|move|p1a: Hitmontop|Close Combat|p2a: Groudon\n|-damage|p2a: Groudon|0 fnt\n|-unboost|p1a: Hitmontop|def|1\n|-unboost|p1a: Hitmontop|spd|1\n|faint|p2a: Groudon\n|\n|-weather|SunnyDay|[upkeep]\n|upkeep\n|\n|t:|1685496434\n|switch|p2a: Zygarde|Zygarde, L70|251/267\n|turn|31\n|inactive|Doomful has 270 seconds left.\n|\n|t:|1685496444\n|switch|p1a: Whimsicott|Whimsicott, L84, M|238/238\n|move|p2a: Zygarde|Thousand Arrows|p1a: Whimsicott\n|-resisted|p1a: Whimsicott\n|-damage|p1a: Whimsicott|199/238\n|\n|-weather|none\n|-heal|p1a: Whimsicott|213/238|[from] item: Leftovers\n|-heal|p2a: Zygarde|267/267|[from] item: Leftovers\n|upkeep\n|turn|32\n|\n|t:|1685496450\n|switch|p2a: Slowbro|Slowbro-Galar, L86, F|134/304\n|move|p1a: Whimsicott|Moonblast|p2a: Slowbro\n|-resisted|p2a: Slowbro\n|-damage|p2a: Slowbro|87/304\n|-unboost|p2a: Slowbro|spa|1\n|\n|-heal|p1a: Whimsicott|227/238|[from] item: Leftovers\n|upkeep\n|turn|33\n|\n|t:|1685496459\n|switch|p1a: Hitmontop|Hitmontop, L85, M|23/224\n|-ability|p1a: Hitmontop|Intimidate|boost\n|-unboost|p2a: Slowbro|atk|1\n|move|p2a: Slowbro|Trick|p1a: Hitmontop\n|-activate|p2a: Slowbro|move: Trick|[of] p1a: Hitmontop\n|-enditem|p1a: Hitmontop|Assault Vest|[silent]|[from] move: Trick\n|-item|p2a: Slowbro|Assault Vest|[from] move: Trick\n|\n|upkeep\n|turn|34\n|\n|t:|1685496466\n|switch|p2a: Zygarde|Zygarde, L70|267/267\n|move|p1a: Hitmontop|Earthquake|p2a: Zygarde\n|-damage|p2a: Zygarde|194/267\n|\n|-heal|p2a: Zygarde|210/267|[from] item: Leftovers\n|upkeep\n|turn|35\n|\n|t:|1685496474\n|switch|p2a: Slowbro|Slowbro-Galar, L86, F|188/304\n|move|p1a: Hitmontop|Close Combat|p2a: Slowbro\n|-resisted|p2a: Slowbro\n|-damage|p2a: Slowbro|157/304\n|-unboost|p1a: Hitmontop|def|1\n|-unboost|p1a: Hitmontop|spd|1\n|\n|upkeep\n|turn|36\n|\n|t:|1685496479\n|move|p1a: Hitmontop|Earthquake|p2a: Slowbro\n|-supereffective|p2a: Slowbro\n|-damage|p2a: Slowbro|13/304\n|move|p2a: Slowbro|Shell Side Arm|p1a: Hitmontop|[anim] Shell Side Arm Physical\n|-damage|p1a: Hitmontop|0 fnt\n|-hint|Physical Shell Side Arm\n|faint|p1a: Hitmontop\n|\n|upkeep\n|inactive|Doomful has 270 seconds left.\n|\n|t:|1685496538\n|switch|p1a: Kingdra|Kingdra, L82, F|257/257\n|turn|37\n|\n|t:|1685496554\n|switch|p2a: Zygarde|Zygarde, L70|210/267\n|-start|p1a: Kingdra|Dynamax|\n|-heal|p1a: Kingdra|514/514|[silent]\n|move|p1a: Kingdra|Max Geyser|p2a: Zygarde\n|-damage|p2a: Zygarde|15/267\n|-weather|RainDance\n|-damage|p1a: Kingdra|489/514|[from] item: Life Orb\n|\n|-weather|RainDance|[upkeep]\n|-heal|p2a: Zygarde|31/267|[from] item: Leftovers\n|-activate|p2a: Zygarde|ability: Power Construct\n|detailschange|p2a: Zygarde|Zygarde-Complete, L70\n|-heal|p2a: Zygarde|182/418|[silent]\n|upkeep\n|turn|38\n|\n|t:|1685496571\n|move|p1a: Kingdra|Max Wyrmwind|p2a: Zygarde\n|-supereffective|p2a: Zygarde\n|-damage|p2a: Zygarde|0 fnt\n|faint|p2a: Zygarde\n|-damage|p1a: Kingdra|464/514|[from] item: Life Orb\n|\n|-weather|RainDance|[upkeep]\n|upkeep\n|inactive|Quoise has 270 seconds left.\n|\n|t:|1685496588\n|switch|p2a: Slowbro|Slowbro-Galar, L86, F|114/304\n|turn|39\n|\n|t:|1685496593\n|switch|p2a: Glastrier|Glastrier, L82|224/298\n|move|p1a: Kingdra|Max Geyser|p2a: Glastrier\n|-damage|p2a: Glastrier|2/298\n|-damage|p1a: Kingdra|439/514|[from] item: Life Orb\n|\n|-weather|RainDance|[upkeep]\n|upkeep\n|-end|p1a: Kingdra|Dynamax\n|-heal|p1a: Kingdra|220/257|[silent]\n|turn|40\n|inactive|Doomful has 270 seconds left.\n|\n|t:|1685496600\n|move|p1a: Kingdra|Hurricane|p2a: Glastrier\n|-damage|p2a: Glastrier|0 fnt\n|faint|p2a: Glastrier\n|-damage|p1a: Kingdra|195/257|[from] item: Life Orb\n|\n|-weather|RainDance|[upkeep]\n|upkeep\n|\n|t:|1685496601\n|switch|p2a: Slowbro|Slowbro-Galar, L86, F|215/304\n|turn|41\n|\n|t:|1685496612\n|switch|p1a: Whimsicott|Whimsicott, L84, M|227/238\n|-start|p2a: Slowbro|Dynamax|\n|-heal|p2a: Slowbro|430/608|[silent]\n|move|p2a: Slowbro|Max Mindstorm|p1a: Whimsicott\n|-crit|p1a: Whimsicott\n|-damage|p1a: Whimsicott|0 fnt\n|-fieldstart|move: Psychic Terrain\n|faint|p1a: Whimsicott\n|\n|-weather|none\n|upkeep\n|\n|t:|1685496615\n|switch|p1a: Tangrowth|Tangrowth, L84, M|305/305\n|turn|42\n|\n|t:|1685496618\n|move|p1a: Tangrowth|Knock Off|p2a: Slowbro\n|-supereffective|p2a: Slowbro\n|-damage|p2a: Slowbro|310/608\n|-enditem|p2a: Slowbro|Assault Vest|[from] move: Knock Off|[of] p1a: Tangrowth\n|move|p2a: Slowbro|Max Ooze|p1a: Tangrowth\n|-supereffective|p1a: Tangrowth\n|-damage|p1a: Tangrowth|27/305\n|-boost|p2a: Slowbro|spa|1\n|\n|upkeep\n|turn|43\n|\n|t:|1685496624\n|move|p1a: Tangrowth|Knock Off|p2a: Slowbro\n|-supereffective|p2a: Slowbro\n|-damage|p2a: Slowbro|222/608\n|move|p2a: Slowbro|Max Flare|p1a: Tangrowth\n|-supereffective|p1a: Tangrowth\n|-damage|p1a: Tangrowth|0 fnt\n|-weather|SunnyDay\n|faint|p1a: Tangrowth\n|\n|-weather|SunnyDay|[upkeep]\n|upkeep\n|\n|t:|1685496629\n|switch|p1a: Kingdra|Kingdra, L82, F|195/257\n|-end|p2a: Slowbro|Dynamax\n|-heal|p2a: Slowbro|111/304|[silent]\n|turn|44\n|\n|t:|1685496634\n|move|p1a: Kingdra|Draco Meteor|p2a: Slowbro\n|-damage|p2a: Slowbro|0 fnt\n|-unboost|p1a: Kingdra|spa|2\n|faint|p2a: Slowbro\n|-damage|p1a: Kingdra|170/257|[from] item: Life Orb\n|\n|win|Doomful\n|c|\u2606Doomful|gg\n|c|\u2606Quoise|ggwp\n|l|\u2606Quoise\n|l|\u2606Doomful\n|j|\u2606Doomful\n|player|p1|Doomful|n-masters\n", "inputlog": ">version d94486096666f9f03053a01e17a1c7fdbd408dfa\n>start {\"formatid\":\"gen8randombattle\",\"seed\":[60120,26438,53672,21023]}\n>player p1 {\"name\":\"Doomful\",\"avatar\":\"n-masters\",\"rating\":0,\"seed\":[54982,5389,54203,44438]}\n>player p2 {\"name\":\"Quoise\",\"avatar\":\"bugcatcher-gen4dp\",\"rating\":0,\"seed\":[27499,57331,17762,40373]}\n>chat \u2606Quoise|gl\n>chat \u2606Doomful|u2\n>p1 move closecombat\n>p2 switch 4\n>p1 switch 2\n>p2 move psychic\n>p1 move dracometeor\n>p2 switch 3\n>p1 switch 5\n>p2 move powerwhip\n>p1 move knockoff\n>p2 switch 2\n>p1 move leechseed\n>p2 move knockoff\n>p1 move knockoff\n>p2 switch 3\n>p1 switch 6\n>p2 move shellsidearm\n>p1 move curse\n>p2 move trick\n>p1 move rockslide\n>p2 move psychic\n>p1 move rockslide\n>p2 switch 4\n>p1 move curse\n>p2 move dragondance\n>p1 move curse\n>p2 move thousandarrows\n>p1 switch 3\n>p1 move moonblast\n>p2 switch 4\n>p1 switch 5\n>p2 move trick\n>p1 move dracometeor\n>p2 switch 2\n>p1 move sludgebomb\n>p2 move darkestlariat\n>p2 switch 3\n>p1 switch 6\n>p2 move playrough\n>p1 move knockoff\n>p2 move copycat\n>p1 move knockoff\n>p2 move encore\n>p1 move knockoff\n>p2 switch 2\n>p1 move knockoff\n>p2 switch 2\n>p1 move gigadrain\n>p2 move playrough\n>p2 switch 6\n>p1 move leechseed\n>p2 move iciclecrash\n>p1 switch 2\n>p2 move iciclecrash\n>chat \u2606Doomful|mb\n>p1 move earthquake\n>p2 switch 2\n>p1 move earthquake\n>p2 switch 5\n>p1 switch 6\n>p2 move swordsdance\n>p1 move dracometeor\n>p2 move heavyslam\n>p1 switch 6\n>p1 move closecombat\n>p2 move precipiceblades\n>p2 switch 4\n>p1 switch 5\n>p2 move thousandarrows\n>p1 move moonblast\n>p2 switch 5\n>p1 switch 5\n>p2 move trick\n>p1 move earthquake\n>p2 switch 5\n>p1 move closecombat\n>p2 switch 5\n>p1 move earthquake\n>p2 move shellsidearm\n>p1 switch 4\n>p1 move hydropump dynamax\n>p2 switch 5\n>p1 move dracometeor dynamax\n>p2 move outrage\n>p2 switch 5\n>p1 move hydropump dynamax\n>p2 switch 2\n>p1 move hurricane\n>p2 move iciclecrash\n>p2 switch 2\n>p1 switch 5\n>p2 move psychic dynamax\n>p1 switch 2\n>p1 move knockoff\n>p2 move shellsidearm dynamax\n>p1 move knockoff\n>p2 move flamethrower dynamax\n>p1 switch 5\n>p1 move dracometeor\n>p2 move psychic", "uploadtime": 1685496641, "views": 7, "p1id": "doomful", "p2id": "quoise", "formatid": "gen8randombattle", "rating": 0, "private": 0, "password": ""}