|j|☆gopqy
|j|☆Carame1
|t:|1685414552
|gametype|singles
|player|p1|gopqy|selene-usum|
|player|p2|Carame1|steven|
|teamsize|p1|6
|teamsize|p2|6
|gen|8
|tier|[Gen 8] Random Battle
|rule|Species Clause: Limit one of each Pokémon
|rule|HP Percentage Mod: HP is shown in percentages
|rule|Sleep Clause Mod: Limit one foe put to sleep
|
|t:|1685414552
|start
|switch|p1a: Cursola|Cursola, L86, F|243/243
|switch|p2a: Avalugg|Avalugg, L86, F|303/303
|turn|1
|
|t:|1685414580
|switch|p2a: Golisopod|Golisopod, L84, F|263/263
|move|p1a: Cursola|Stealth Rock|p2a: Golisopod
|-sidestart|p2: Carame1|move: Stealth Rock
|
|upkeep
|turn|2
|
|t:|1685414594
|move|p2a: Golisopod|First Impression|p1a: Cursola
|-resisted|p1a: Cursola
|-damage|p1a: Cursola|152/243
|-ability|p1a: Cursola|Weak Armor|boost
|-unboost|p1a: Cursola|def|1
|-boost|p1a: Cursola|spe|2
|move|p1a: Cursola|Shadow Ball|p2a: Golisopod
|-damage|p2a: Golisopod|133/263
|
|-heal|p1a: Cursola|167/243|[from] item: Leftovers
|upkeep
|turn|3
|
|t:|1685414609
|move|p1a: Cursola|Shadow Ball|p2a: Golisopod
|-damage|p2a: Golisopod|12/263
|-unboost|p2a: Golisopod|spd|1
|-activate|p2a: Golisopod|ability: Emergency Exit
|
|t:|1685414619
|switch|p2a: Spectrier|Spectrier, L74|270/270
|-damage|p2a: Spectrier|237/270|[from] Stealth Rock
|
|-heal|p2a: Spectrier|253/270|[from] item: Leftovers
|-heal|p1a: Cursola|182/243|[from] item: Leftovers
|upkeep
|turn|4
|l|☆gopqy
|player|p1|
|c|☆Carame1|Come back
|c|☆Carame1|our battle isn’t over
|c|☆Carame1|you must come back
|c|☆Carame1|our battle will be legendary
|c|☆Carame1|come forth
|c|☆Carame1|i summon thy
|l|☆Carame1
|player|p2|
|j| Marionette_playzYT
|j|☆gopqy
|player|p1|gopqy|selene-usum
|
|t:|1685414770
|move|p2a: Spectrier|Shadow Ball|p1a: Cursola
|-supereffective|p1a: Cursola
|-damage|p1a: Cursola|42/243
|move|p1a: Cursola|Shadow Ball|p2a: Spectrier
|-supereffective|p2a: Spectrier
|-damage|p2a: Spectrier|0 fnt
|faint|p2a: Spectrier
|
|-heal|p1a: Cursola|57/243|[from] item: Leftovers
|upkeep
|c| Marionette_playzYT|Wait did the battle glitch?
|c| Marionette_playzYT|why can’t I fight
|l| Marionette_playzYT
|j|☆Carame1
|player|p2|Carame1|steven
|c|☆Carame1|Oh
|
|t:|1685414859
|switch|p2a: Barbaracle|Barbaracle, L80, M|246/246
|-damage|p2a: Barbaracle|216/246|[from] Stealth Rock
|turn|5
|
|t:|1685414873
|move|p2a: Barbaracle|Liquidation|p1a: Cursola
|-damage|p1a: Cursola|0 fnt
|faint|p1a: Cursola
|
|upkeep
|
|t:|1685414911
|switch|p1a: Swoobat|Swoobat, L86, F|255/255
|turn|6
|
|t:|1685414942
|switch|p2a: Vespiquen|Vespiquen, L96, F|290/290
|-ability|p2a: Vespiquen|Pressure
|move|p1a: Swoobat|Calm Mind|p1a: Swoobat
|-boost|p1a: Swoobat|spa|2
|-boost|p1a: Swoobat|spd|2
|
|upkeep
|turn|7
|
|t:|1685414957
|move|p1a: Swoobat|Heat Wave|p2a: Vespiquen
|-supereffective|p2a: Vespiquen
|-damage|p2a: Vespiquen|108/290
|move|p2a: Vespiquen|U-turn|p1a: Swoobat
|-damage|p1a: Swoobat|140/255
|
|t:|1685414963
|switch|p2a: Barbaracle|Barbaracle, L80, M|216/246|[from] U-turn
|-damage|p2a: Barbaracle|186/246|[from] Stealth Rock
|
|upkeep
|turn|8
|
|t:|1685414969
|move|p1a: Swoobat|Roost|p1a: Swoobat
|-heal|p1a: Swoobat|255/255
|-singleturn|p1a: Swoobat|move: Roost
|move|p2a: Barbaracle|Stone Edge|p1a: Swoobat
|-damage|p1a: Swoobat|114/255
|
|upkeep
|turn|9
|
|t:|1685414983
|move|p1a: Swoobat|Roost|p1a: Swoobat
|-heal|p1a: Swoobat|242/255
|-singleturn|p1a: Swoobat|move: Roost
|move|p2a: Barbaracle|Stone Edge|p1a: Swoobat
|-damage|p1a: Swoobat|101/255
|
|upkeep
|turn|10
|
|t:|1685414990
|move|p1a: Swoobat|Roost|p1a: Swoobat
|-heal|p1a: Swoobat|229/255
|-singleturn|p1a: Swoobat|move: Roost
|move|p2a: Barbaracle|Stone Edge|p1a: Swoobat|[miss]
|-miss|p2a: Barbaracle|p1a: Swoobat
|
|upkeep
|turn|11
|
|t:|1685415000
|move|p1a: Swoobat|Calm Mind|p1a: Swoobat
|-boost|p1a: Swoobat|spa|2
|-boost|p1a: Swoobat|spd|2
|move|p2a: Barbaracle|Stone Edge|p1a: Swoobat
|-supereffective|p1a: Swoobat
|-damage|p1a: Swoobat|0 fnt
|faint|p1a: Swoobat
|
|upkeep
|
|t:|1685415027
|switch|p1a: Snorlax|Snorlax, L82, M|397/397
|turn|12
|c|☆Carame1|We can’t hear you
|
|t:|1685415053
|switch|p2a: Golisopod|Golisopod, L84, F|12/263
|move|p1a: Snorlax|Double-Edge|p2a: Golisopod
|-damage|p2a: Golisopod|0 fnt
|faint|p2a: Golisopod
|-damage|p1a: Snorlax|393/397|[from] Recoil
|
|upkeep
|
|t:|1685415063
|switch|p2a: Avalugg|Avalugg, L86, F|303/303
|-damage|p2a: Avalugg|228/303|[from] Stealth Rock
|turn|13
|
|t:|1685415068
|move|p2a: Avalugg|Body Press|p1a: Snorlax
|-supereffective|p1a: Snorlax
|-damage|p1a: Snorlax|157/397
|move|p1a: Snorlax|Double-Edge|p2a: Avalugg
|-damage|p2a: Avalugg|128/303
|-damage|p1a: Snorlax|124/397|[from] Recoil
|
|-heal|p2a: Avalugg|146/303|[from] item: Leftovers
|upkeep
|turn|14
|
|t:|1685415086
|switch|p1a: Groudon|Groudon, L73|266/266
|-weather|SunnyDay|[from] ability: Drought|[of] p1a: Groudon
|move|p2a: Avalugg|Recover|p2a: Avalugg
|-heal|p2a: Avalugg|298/303
|
|-weather|SunnyDay|[upkeep]
|-heal|p2a: Avalugg|303/303|[from] item: Leftovers
|upkeep
|turn|15
|
|t:|1685415100
|-start|p2a: Avalugg|Dynamax|
|-heal|p2a: Avalugg|606/606|[silent]
|move|p1a: Groudon|Swords Dance|p1a: Groudon
|-boost|p1a: Groudon|atk|2
|move|p2a: Avalugg|Max Hailstorm|p1a: Groudon
|-supereffective|p1a: Groudon
|-damage|p1a: Groudon|56/266
|-weather|Hail
|
|-weather|Hail|[upkeep]
|-damage|p1a: Groudon|40/266|[from] Hail
|-heal|p1a: Groudon|56/266|[from] item: Leftovers
|upkeep
|turn|16
|
|t:|1685415120
|move|p1a: Groudon|Heat Crash||[still]
|-fail|p1a: Groudon|Dynamax
|move|p2a: Avalugg|Max Knuckle|p1a: Groudon
|-damage|p1a: Groudon|0 fnt
|-boost|p2a: Avalugg|atk|1
|faint|p1a: Groudon
|
|-weather|Hail|[upkeep]
|upkeep
|
|t:|1685415134
|switch|p1a: Snorlax|Snorlax, L82, M|124/397
|turn|17
|
|t:|1685415139
|move|p2a: Avalugg|Max Knuckle|p1a: Snorlax
|-supereffective|p1a: Snorlax
|-damage|p1a: Snorlax|0 fnt
|-boost|p2a: Avalugg|atk|1
|faint|p1a: Snorlax
|
|-weather|Hail|[upkeep]
|upkeep
|
|t:|1685415152
|switch|p1a: Registeel|Registeel, L83|268/268
|-end|p2a: Avalugg|Dynamax
|-heal|p2a: Avalugg|303/303|[silent]
|turn|18
|
|t:|1685415161
|move|p1a: Registeel|Curse|p1a: Registeel
|-unboost|p1a: Registeel|spe|1
|-boost|p1a: Registeel|atk|1
|-boost|p1a: Registeel|def|1
|move|p2a: Avalugg|Body Press|p1a: Registeel
|-supereffective|p1a: Registeel
|-damage|p1a: Registeel|178/268
|
|-weather|Hail|[upkeep]
|-damage|p1a: Registeel|162/268|[from] Hail
|-heal|p1a: Registeel|178/268|[from] item: Leftovers
|upkeep
|turn|19
|
|t:|1685415173
|move|p2a: Avalugg|Body Press|p1a: Registeel
|-supereffective|p1a: Registeel
|-damage|p1a: Registeel|96/268
|move|p1a: Registeel|Curse|p1a: Registeel
|-unboost|p1a: Registeel|spe|1
|-boost|p1a: Registeel|atk|1
|-boost|p1a: Registeel|def|1
|
|-weather|none
|-heal|p1a: Registeel|112/268|[from] item: Leftovers
|upkeep
|turn|20
|
|t:|1685415184
|move|p2a: Avalugg|Body Press|p1a: Registeel
|-supereffective|p1a: Registeel
|-damage|p1a: Registeel|50/268
|move|p1a: Registeel|Rest|p1a: Registeel
|-status|p1a: Registeel|slp|[from] move: Rest
|-heal|p1a: Registeel|268/268 slp|[silent]
|
|upkeep
|turn|21
|
|t:|1685415196
|move|p2a: Avalugg|Body Press|p1a: Registeel
|-supereffective|p1a: Registeel
|-damage|p1a: Registeel|198/268 slp
|cant|p1a: Registeel|slp
|move|p1a: Registeel|Sleep Talk|p1a: Registeel
|move|p1a: Registeel|Iron Head|p2a: Avalugg|[from]move: Sleep Talk
|-supereffective|p2a: Avalugg
|-damage|p2a: Avalugg|157/303
|
|-heal|p2a: Avalugg|175/303|[from] item: Leftovers
|-heal|p1a: Registeel|214/268 slp|[from] item: Leftovers
|upkeep
|turn|22
|
|t:|1685415210
|move|p2a: Avalugg|Body Press|p1a: Registeel
|-supereffective|p1a: Registeel
|-damage|p1a: Registeel|148/268 slp
|cant|p1a: Registeel|slp
|move|p1a: Registeel|Sleep Talk|p1a: Registeel
|move|p1a: Registeel|Iron Head|p2a: Avalugg|[from]move: Sleep Talk
|-supereffective|p2a: Avalugg
|-damage|p2a: Avalugg|37/303
|
|-heal|p2a: Avalugg|55/303|[from] item: Leftovers
|-heal|p1a: Registeel|164/268 slp|[from] item: Leftovers
|upkeep
|turn|23
|
|t:|1685415223
|move|p2a: Avalugg|Body Press|p1a: Registeel
|-supereffective|p1a: Registeel
|-damage|p1a: Registeel|102/268 slp
|-curestatus|p1a: Registeel|slp|[msg]
|move|p1a: Registeel|Sleep Talk||[still]
|-fail|p1a: Registeel
|
|-heal|p2a: Avalugg|73/303|[from] item: Leftovers
|-heal|p1a: Registeel|118/268|[from] item: Leftovers
|upkeep
|turn|24
|
|t:|1685415234
|move|p2a: Avalugg|Body Press|p1a: Registeel
|-supereffective|p1a: Registeel
|-damage|p1a: Registeel|50/268
|move|p1a: Registeel|Rest|p1a: Registeel
|-status|p1a: Registeel|slp|[from] move: Rest
|-heal|p1a: Registeel|268/268 slp|[silent]
|
|-heal|p2a: Avalugg|91/303|[from] item: Leftovers
|upkeep
|turn|25
|
|t:|1685415244
|move|p2a: Avalugg|Body Press|p1a: Registeel
|-supereffective|p1a: Registeel
|-damage|p1a: Registeel|194/268 slp
|cant|p1a: Registeel|slp
|move|p1a: Registeel|Sleep Talk|p1a: Registeel
|move|p1a: Registeel|Curse|p1a: Registeel|[from]move: Sleep Talk
|-unboost|p1a: Registeel|spe|1
|-boost|p1a: Registeel|atk|1
|-boost|p1a: Registeel|def|1
|
|-heal|p2a: Avalugg|109/303|[from] item: Leftovers
|-heal|p1a: Registeel|210/268 slp|[from] item: Leftovers
|upkeep
|turn|26
|
|t:|1685415259
|move|p2a: Avalugg|Body Press|p1a: Registeel
|-supereffective|p1a: Registeel
|-damage|p1a: Registeel|150/268 slp
|cant|p1a: Registeel|slp
|move|p1a: Registeel|Sleep Talk|p1a: Registeel
|move|p1a: Registeel|Curse|p1a: Registeel|[from]move: Sleep Talk
|-unboost|p1a: Registeel|spe|1
|-boost|p1a: Registeel|atk|1
|-boost|p1a: Registeel|def|1
|
|-heal|p2a: Avalugg|127/303|[from] item: Leftovers
|-heal|p1a: Registeel|166/268 slp|[from] item: Leftovers
|upkeep
|turn|27
|c|☆Carame1|Shade I can’t hear you
|c|☆Carame1|fix the call
|
|t:|1685415281
|move|p2a: Avalugg|Body Press|p1a: Registeel
|-supereffective|p1a: Registeel
|-damage|p1a: Registeel|120/268 slp
|-curestatus|p1a: Registeel|slp|[msg]
|move|p1a: Registeel|Sleep Talk||[still]
|-fail|p1a: Registeel
|
|-heal|p2a: Avalugg|145/303|[from] item: Leftovers
|-heal|p1a: Registeel|136/268|[from] item: Leftovers
|upkeep
|turn|28
|
|t:|1685415293
|move|p2a: Avalugg|Body Press|p1a: Registeel
|-supereffective|p1a: Registeel
|-damage|p1a: Registeel|88/268
|move|p1a: Registeel|Curse|p1a: Registeel
|-unboost|p1a: Registeel|spe|1
|-boost|p1a: Registeel|atk|1
|-boost|p1a: Registeel|def|1
|
|-heal|p2a: Avalugg|163/303|[from] item: Leftovers
|-heal|p1a: Registeel|104/268|[from] item: Leftovers
|upkeep
|turn|29
|
|t:|1685415305
|move|p2a: Avalugg|Body Press|p1a: Registeel
|-supereffective|p1a: Registeel
|-damage|p1a: Registeel|64/268
|move|p1a: Registeel|Rest|p1a: Registeel
|-status|p1a: Registeel|slp|[from] move: Rest
|-heal|p1a: Registeel|268/268 slp|[silent]
|
|-heal|p2a: Avalugg|181/303|[from] item: Leftovers
|upkeep
|turn|30
|
|t:|1685415316
|move|p2a: Avalugg|Body Press|p1a: Registeel
|-supereffective|p1a: Registeel
|-damage|p1a: Registeel|230/268 slp
|cant|p1a: Registeel|slp
|move|p1a: Registeel|Sleep Talk|p1a: Registeel
|move|p1a: Registeel|Curse|p1a: Registeel|[from]move: Sleep Talk
|-unboost|p1a: Registeel|spe|1
|-boost|p1a: Registeel|atk|1
|-boost|p1a: Registeel|def|1
|
|-heal|p2a: Avalugg|199/303|[from] item: Leftovers
|-heal|p1a: Registeel|246/268 slp|[from] item: Leftovers
|upkeep
|turn|31
|
|t:|1685415331
|move|p2a: Avalugg|Curse|p2a: Avalugg
|-unboost|p2a: Avalugg|spe|1
|-boost|p2a: Avalugg|atk|1
|-boost|p2a: Avalugg|def|1
|cant|p1a: Registeel|slp
|move|p1a: Registeel|Sleep Talk|p1a: Registeel
|move|p1a: Registeel|Curse|p1a: Registeel|[from]move: Sleep Talk
|
|-heal|p2a: Avalugg|217/303|[from] item: Leftovers
|-heal|p1a: Registeel|262/268 slp|[from] item: Leftovers
|upkeep
|turn|32
|
|t:|1685415343
|move|p2a: Avalugg|Curse|p2a: Avalugg
|-unboost|p2a: Avalugg|spe|1
|-boost|p2a: Avalugg|atk|1
|-boost|p2a: Avalugg|def|1
|-curestatus|p1a: Registeel|slp|[msg]
|move|p1a: Registeel|Sleep Talk||[still]
|-fail|p1a: Registeel
|
|-heal|p2a: Avalugg|235/303|[from] item: Leftovers
|-heal|p1a: Registeel|268/268|[from] item: Leftovers
|upkeep
|turn|33
|
|t:|1685415358
|-start|p1a: Registeel|Dynamax|
|-heal|p1a: Registeel|536/536|[silent]
|move|p2a: Avalugg|Curse|p2a: Avalugg
|-unboost|p2a: Avalugg|spe|1
|-boost|p2a: Avalugg|atk|1
|-boost|p2a: Avalugg|def|1
|move|p1a: Registeel|Max Steelspike|p2a: Avalugg
|-supereffective|p2a: Avalugg
|-crit|p2a: Avalugg
|-damage|p2a: Avalugg|0 fnt
|-boost|p1a: Registeel|def|0
|faint|p2a: Avalugg
|
|upkeep
|
|t:|1685415375
|switch|p2a: Barbaracle|Barbaracle, L80, M|186/246
|-damage|p2a: Barbaracle|156/246|[from] Stealth Rock
|turn|34
|
|t:|1685415381
|move|p2a: Barbaracle|Cross Chop|p1a: Registeel
|-supereffective|p1a: Registeel
|-damage|p1a: Registeel|504/536
|move|p1a: Registeel|Max Steelspike|p2a: Barbaracle
|-damage|p2a: Barbaracle|0 fnt
|-boost|p1a: Registeel|def|0
|faint|p2a: Barbaracle
|
|-heal|p1a: Registeel|520/536|[from] item: Leftovers
|upkeep
|
|t:|1685415392
|switch|p2a: Vespiquen|Vespiquen, L96, F|108/290
|-ability|p2a: Vespiquen|Pressure
|turn|35
|
|t:|1685415398
|move|p2a: Vespiquen|Roost|p2a: Vespiquen
|-heal|p2a: Vespiquen|253/290
|-singleturn|p2a: Vespiquen|move: Roost
|move|p1a: Registeel|Max Steelspike|p2a: Vespiquen
|-damage|p2a: Vespiquen|0 fnt
|-boost|p1a: Registeel|def|0
|faint|p2a: Vespiquen
|
|-heal|p1a: Registeel|536/536|[from] item: Leftovers
|upkeep
|
|t:|1685415411
|switch|p2a: Espeon|Espeon, L82, M|241/241
|-damage|p2a: Espeon|211/241|[from] Stealth Rock
|-end|p1a: Registeel|Dynamax
|-heal|p1a: Registeel|268/268|[silent]
|turn|36
|
|t:|1685415423
|move|p2a: Espeon|Calm Mind|p2a: Espeon
|-boost|p2a: Espeon|spa|1
|-boost|p2a: Espeon|spd|1
|move|p1a: Registeel|Iron Head|p2a: Espeon
|-damage|p2a: Espeon|0 fnt
|faint|p2a: Espeon
|
|win|gopqy
|l|☆Carame1
