|inactive|Battle timer is ON: inactive players will automatically lose when time's up.
|j|☆uwuette requiem
|j|☆What Do I Mean
|t:|1684293695
|gametype|singles
|player|p1|uwuette requiem|veteranf|
|player|p2|What Do I Mean|janine|
|teamsize|p1|6
|teamsize|p2|6
|gen|8
|tier|[Gen 8] Random Battle
|rated|Tournament battle
|rule|Species Clause: Limit one of each Pokémon
|rule|HP Percentage Mod: HP is shown in percentages
|rule|Sleep Clause Mod: Limit one foe put to sleep
|rule|Blitz: Super-fast timer
|
|t:|1684293695
|start
|switch|p1a: Porygon2|Porygon2, L82|274/274
|switch|p2a: Alcremie|Alcremie, L86, F|252/252
|-ability|p1a: Porygon2|Download|boost
|-boost|p1a: Porygon2|atk|1
|turn|1
|inactive|uwuette requiem also wants the timer to be on.
|inactive|uwuette requiem has 30 seconds left.
|inactive|What Do I Mean has 30 seconds left.
|
|t:|1684293717
|switch|p2a: Klefki|Klefki, L82, M|228/228
|switch|p1a: Bellossom|Bellossom, L82, M|257/257
|
|upkeep
|turn|2
|inactive|What Do I Mean has 10 seconds left.
|
|t:|1684293723
|move|p2a: Klefki|Thunder Wave|p1a: Bellossom
|-status|p1a: Bellossom|par
|move|p1a: Bellossom|Quiver Dance|p1a: Bellossom
|-boost|p1a: Bellossom|spa|1
|-boost|p1a: Bellossom|spd|1
|-boost|p1a: Bellossom|spe|1
|
|upkeep
|turn|3
|
|t:|1684293728
|switch|p2a: Dhelmise|Dhelmise, L86|261/261
|cant|p1a: Bellossom|par
|
|upkeep
|turn|4
|inactive|uwuette requiem has 10 seconds left.
|
|t:|1684293734
|switch|p1a: Aromatisse|Aromatisse, L88, F|321/321
|move|p2a: Dhelmise|Swords Dance|p2a: Dhelmise
|-boost|p2a: Dhelmise|atk|2
|
|upkeep
|turn|5
|j| hy is garbage
|inactive|uwuette requiem has 10 seconds left.
|
|t:|1684293739
|move|p2a: Dhelmise|Anchor Shot|p1a: Aromatisse
|-supereffective|p1a: Aromatisse
|-damage|p1a: Aromatisse|0 fnt
|faint|p1a: Aromatisse
|
|upkeep
|
|t:|1684293741
|switch|p1a: Ho-Oh|Ho-Oh, L72|272/272
|turn|6
|inactive|What Do I Mean has 10 seconds left.
|
|t:|1684293747
|move|p1a: Ho-Oh|Sacred Fire|p2a: Dhelmise
|-supereffective|p2a: Dhelmise
|-damage|p2a: Dhelmise|73/261
|move|p2a: Dhelmise|Poltergeist|p1a: Ho-Oh
|-activate|p1a: Ho-Oh|move: Poltergeist|Heavy-Duty Boots
|-damage|p1a: Ho-Oh|0 fnt
|faint|p1a: Ho-Oh
|
|upkeep
|inactive|uwuette requiem has 10 seconds left.
|
|t:|1684293753
|switch|p1a: Porygon2|Porygon2, L82|274/274
|-ability|p1a: Porygon2|Download|boost
|-boost|p1a: Porygon2|spa|1
|turn|7
|
|t:|1684293756
|switch|p2a: Klefki|Klefki, L82, M|228/228
|move|p1a: Porygon2|Ice Beam|p2a: Klefki
|-resisted|p2a: Klefki
|-damage|p2a: Klefki|178/228
|
|-heal|p2a: Klefki|192/228|[from] item: Leftovers
|upkeep
|turn|8
|
|t:|1684293760
|move|p2a: Klefki|Spikes|p1a: Porygon2
|-sidestart|p1: uwuette requiem|Spikes
|move|p1a: Porygon2|Discharge|p2a: Klefki
|-damage|p2a: Klefki|103/228
|
|-heal|p2a: Klefki|117/228|[from] item: Leftovers
|upkeep
|turn|9
|
|t:|1684293762
|switch|p2a: Quagsire|Quagsire, L84, F|297/297
|move|p1a: Porygon2|Discharge|p2a: Quagsire
|-immune|p2a: Quagsire
|
|upkeep
|turn|10
|
|t:|1684293764
|move|p1a: Porygon2|Ice Beam|p2a: Quagsire
|-damage|p2a: Quagsire|223/297
|move|p2a: Quagsire|Toxic|p1a: Porygon2
|-status|p1a: Porygon2|tox
|
|-heal|p2a: Quagsire|241/297|[from] item: Leftovers
|-damage|p1a: Porygon2|257/274 tox|[from] psn
|upkeep
|turn|11
|
|t:|1684293768
|move|p1a: Porygon2|Ice Beam|p2a: Quagsire
|-damage|p2a: Quagsire|165/297
|move|p2a: Quagsire|Recover|p2a: Quagsire
|-heal|p2a: Quagsire|297/297
|
|-damage|p1a: Porygon2|223/274 tox|[from] psn
|upkeep
|turn|12
|
|t:|1684293773
|switch|p1a: Bellossom|Bellossom, L82, M|257/257 par
|-damage|p1a: Bellossom|225/257 par|[from] Spikes
|move|p2a: Quagsire|Earthquake|p1a: Bellossom
|-resisted|p1a: Bellossom
|-damage|p1a: Bellossom|177/257 par
|
|-heal|p1a: Bellossom|193/257 par|[from] item: Leftovers
|upkeep
|turn|13
|inactive|uwuette requiem has 10 seconds left.
|inactive|What Do I Mean has 10 seconds left.
|
|t:|1684293778
|switch|p2a: Dhelmise|Dhelmise, L86|73/261
|move|p1a: Bellossom|Moonblast|p2a: Dhelmise
|-damage|p2a: Dhelmise|19/261
|
|-heal|p1a: Bellossom|209/257 par|[from] item: Leftovers
|upkeep
|turn|14
|
|t:|1684293782
|move|p2a: Dhelmise|Anchor Shot|p1a: Bellossom
|-damage|p1a: Bellossom|103/257 par
|-activate|p1a: Bellossom|trapped
|move|p1a: Bellossom|Moonblast|p2a: Dhelmise
|-damage|p2a: Dhelmise|0 fnt
|faint|p2a: Dhelmise
|
|-heal|p1a: Bellossom|119/257 par|[from] item: Leftovers
|upkeep
|
|t:|1684293785
|switch|p2a: Glalie|Glalie, L80, M|259/259
|turn|15
|
|t:|1684293787
|move|p2a: Glalie|Substitute|p2a: Glalie
|-start|p2a: Glalie|Substitute
|-damage|p2a: Glalie|195/259
|move|p1a: Bellossom|Strength Sap||[still]
|-fail|p1a: Bellossom
|
|-heal|p2a: Glalie|211/259|[from] item: Leftovers
|-heal|p1a: Bellossom|135/257 par|[from] item: Leftovers
|-ability|p2a: Glalie|Moody|boost
|-boost|p2a: Glalie|def|2
|-unboost|p2a: Glalie|spe|1
|upkeep
|turn|16
|
|t:|1684293791
|switch|p1a: Porygon2|Porygon2, L82|223/274 tox
|-damage|p1a: Porygon2|189/274 tox|[from] Spikes
|-ability|p1a: Porygon2|Download|boost
|-boost|p1a: Porygon2|spa|1
|move|p2a: Glalie|Freeze-Dry|p1a: Porygon2
|-damage|p1a: Porygon2|150/274 tox
|
|-heal|p2a: Glalie|227/259|[from] item: Leftovers
|-damage|p1a: Porygon2|133/274 tox|[from] psn
|-ability|p2a: Glalie|Moody|boost
|-boost|p2a: Glalie|def|2
|-unboost|p2a: Glalie|spa|1
|upkeep
|turn|17
|
|t:|1684293793
|move|p2a: Glalie|Protect|p2a: Glalie
|-singleturn|p2a: Glalie|Protect
|move|p1a: Porygon2|Ice Beam|p2a: Glalie
|-activate|p2a: Glalie|move: Protect
|
|-heal|p2a: Glalie|243/259|[from] item: Leftovers
|-damage|p1a: Porygon2|99/274 tox|[from] psn
|-ability|p2a: Glalie|Moody|boost
|-boost|p2a: Glalie|spa|2
|-unboost|p2a: Glalie|spe|1
|upkeep
|turn|18
|
|t:|1684293797
|move|p1a: Porygon2|Tri Attack|p2a: Glalie
|-end|p2a: Glalie|Substitute
|move|p2a: Glalie|Freeze-Dry|p1a: Porygon2
|-damage|p1a: Porygon2|39/274 tox
|
|-heal|p2a: Glalie|259/259|[from] item: Leftovers
|-damage|p1a: Porygon2|0 fnt|[from] psn
|faint|p1a: Porygon2
|-ability|p2a: Glalie|Moody|boost
|-boost|p2a: Glalie|spd|2
|-unboost|p2a: Glalie|spa|1
|upkeep
|inactive|uwuette requiem has 10 seconds left.
|
|t:|1684293804
|switch|p1a: Cresselia|Cresselia, L80, F|323/323
|turn|19
|
|t:|1684293807
|move|p1a: Cresselia|Calm Mind|p1a: Cresselia
|-boost|p1a: Cresselia|spa|1
|-boost|p1a: Cresselia|spd|1
|move|p2a: Glalie|Freeze-Dry|p1a: Cresselia
|-damage|p1a: Cresselia|295/323
|
|-heal|p1a: Cresselia|315/323|[from] item: Leftovers
|-ability|p2a: Glalie|Moody|boost
|-boost|p2a: Glalie|def|2
|-unboost|p2a: Glalie|spe|1
|upkeep
|turn|20
|
|t:|1684293809
|move|p1a: Cresselia|Calm Mind|p1a: Cresselia
|-boost|p1a: Cresselia|spa|1
|-boost|p1a: Cresselia|spd|1
|move|p2a: Glalie|Disable|p1a: Cresselia
|-start|p1a: Cresselia|Disable|Calm Mind
|
|-heal|p1a: Cresselia|323/323|[from] item: Leftovers
|-ability|p2a: Glalie|Moody|boost
|-boost|p2a: Glalie|spd|2
|-unboost|p2a: Glalie|spa|1
|upkeep
|turn|21
|inactive|uwuette requiem has 10 seconds left.
|inactive|What Do I Mean has 10 seconds left.
|
|t:|1684293815
|switch|p2a: Quagsire|Quagsire, L84, F|297/297
|move|p1a: Cresselia|Moonblast|p2a: Quagsire
|-damage|p2a: Quagsire|229/297
|
|-heal|p2a: Quagsire|247/297|[from] item: Leftovers
|upkeep
|turn|22
|
|t:|1684293818
|move|p1a: Cresselia|Psyshock|p2a: Quagsire
|-damage|p2a: Quagsire|184/297
|move|p2a: Quagsire|Toxic|p1a: Cresselia
|-status|p1a: Cresselia|tox
|
|-heal|p2a: Quagsire|202/297|[from] item: Leftovers
|-damage|p1a: Cresselia|303/323 tox|[from] psn
|upkeep
|turn|23
|
|t:|1684293821
|move|p1a: Cresselia|Psyshock|p2a: Quagsire
|-damage|p2a: Quagsire|133/297
|move|p2a: Quagsire|Recover|p2a: Quagsire
|-heal|p2a: Quagsire|282/297
|
|-heal|p1a: Cresselia|323/323 tox|[from] item: Leftovers
|-heal|p2a: Quagsire|297/297|[from] item: Leftovers
|-damage|p1a: Cresselia|283/323 tox|[from] psn
|upkeep
|turn|24
|
|t:|1684293826
|switch|p1a: Bellossom|Bellossom, L82, M|135/257 par
|-damage|p1a: Bellossom|103/257 par|[from] Spikes
|switch|p2a: Klefki|Klefki, L82, M|117/228
|
|-heal|p2a: Klefki|131/228|[from] item: Leftovers
|-heal|p1a: Bellossom|119/257 par|[from] item: Leftovers
|upkeep
|turn|25
|
|t:|1684293828
|switch|p1a: Cresselia|Cresselia, L80, F|283/323 tox
|move|p2a: Klefki|Play Rough|p1a: Cresselia
|-damage|p1a: Cresselia|223/323 tox
|
|-heal|p1a: Cresselia|243/323 tox|[from] item: Leftovers
|-heal|p2a: Klefki|145/228|[from] item: Leftovers
|-damage|p1a: Cresselia|223/323 tox|[from] psn
|upkeep
|turn|26
|
|t:|1684293832
|move|p1a: Cresselia|Psyshock|p2a: Klefki
|-resisted|p2a: Klefki
|-damage|p2a: Klefki|113/228
|move|p2a: Klefki|Play Rough|p1a: Cresselia
|-damage|p1a: Cresselia|162/323 tox
|
|-heal|p1a: Cresselia|182/323 tox|[from] item: Leftovers
|-heal|p2a: Klefki|127/228|[from] item: Leftovers
|-damage|p1a: Cresselia|142/323 tox|[from] psn
|upkeep
|turn|27
|
|t:|1684293836
|move|p1a: Cresselia|Moonlight|p1a: Cresselia
|-heal|p1a: Cresselia|303/323 tox
|move|p2a: Klefki|Play Rough|p1a: Cresselia
|-damage|p1a: Cresselia|240/323 tox
|
|-heal|p1a: Cresselia|260/323 tox|[from] item: Leftovers
|-heal|p2a: Klefki|141/228|[from] item: Leftovers
|-damage|p1a: Cresselia|200/323 tox|[from] psn
|upkeep
|turn|28
|c|☆What Do I Mean|leave
|
|t:|1684293839
|switch|p1a: Bellossom|Bellossom, L82, M|119/257 par
|-damage|p1a: Bellossom|87/257 par|[from] Spikes
|move|p2a: Klefki|Play Rough|p1a: Bellossom
|-damage|p1a: Bellossom|8/257 par
|-unboost|p1a: Bellossom|atk|1
|
|-heal|p2a: Klefki|155/228|[from] item: Leftovers
|-heal|p1a: Bellossom|24/257 par|[from] item: Leftovers
|upkeep
|turn|29
|
|t:|1684293841
|move|p2a: Klefki|Play Rough|p1a: Bellossom
|-damage|p1a: Bellossom|0 fnt
|faint|p1a: Bellossom
|
|-heal|p2a: Klefki|169/228|[from] item: Leftovers
|upkeep
|
|t:|1684293844
|switch|p1a: Cresselia|Cresselia, L80, F|200/323 tox
|turn|30
|
|t:|1684293847
|move|p1a: Cresselia|Psyshock|p2a: Klefki
|-resisted|p2a: Klefki
|-damage|p2a: Klefki|136/228
|move|p2a: Klefki|Play Rough|p1a: Cresselia
|-damage|p1a: Cresselia|140/323 tox
|
|-heal|p1a: Cresselia|160/323 tox|[from] item: Leftovers
|-heal|p2a: Klefki|150/228|[from] item: Leftovers
|-damage|p1a: Cresselia|140/323 tox|[from] psn
|upkeep
|turn|31
|
|t:|1684293849
|move|p1a: Cresselia|Moonblast|p2a: Klefki
|-resisted|p2a: Klefki
|-damage|p2a: Klefki|123/228
|-unboost|p2a: Klefki|spa|1
|move|p2a: Klefki|Play Rough|p1a: Cresselia
|-damage|p1a: Cresselia|80/323 tox
|
|-heal|p1a: Cresselia|100/323 tox|[from] item: Leftovers
|-heal|p2a: Klefki|137/228|[from] item: Leftovers
|-damage|p1a: Cresselia|60/323 tox|[from] psn
|upkeep
|turn|32
|
|t:|1684293852
|move|p1a: Cresselia|Moonblast|p2a: Klefki
|-resisted|p2a: Klefki
|-damage|p2a: Klefki|112/228
|-unboost|p2a: Klefki|spa|1
|move|p2a: Klefki|Play Rough|p1a: Cresselia
|-damage|p1a: Cresselia|0 fnt
|faint|p1a: Cresselia
|
|-heal|p2a: Klefki|126/228|[from] item: Leftovers
|upkeep
|
|t:|1684293853
|switch|p1a: Latias|Latias, L80, F|259/259
|turn|33
|
|t:|1684293857
|move|p2a: Klefki|Thunder Wave|p1a: Latias
|-status|p1a: Latias|par
|move|p1a: Latias|Calm Mind|p1a: Latias
|-boost|p1a: Latias|spa|1
|-boost|p1a: Latias|spd|1
|
|-heal|p2a: Klefki|140/228|[from] item: Leftovers
|upkeep
|turn|34
|inactive|uwuette requiem has 10 seconds left.
|
|t:|1684293862
|-start|p2a: Klefki|Dynamax|
|-heal|p2a: Klefki|280/456|[silent]
|-start|p1a: Latias|Dynamax|
|-heal|p1a: Latias|518/518 par|[silent]
|move|p2a: Klefki|Max Starfall|p1a: Latias
|-supereffective|p1a: Latias
|-damage|p1a: Latias|300/518 par
|-fieldstart|move: Misty Terrain
|move|p1a: Latias|Max Mindstorm|p2a: Klefki
|-resisted|p2a: Klefki
|-damage|p2a: Klefki|177/456
|-fieldstart|move: Psychic Terrain
|
|-heal|p2a: Klefki|191/456|[from] item: Leftovers
|-heal|p1a: Latias|316/518 par|[from] item: Leftovers
|upkeep
|turn|35
|
|t:|1684293865
|move|p2a: Klefki|Max Starfall|p1a: Latias
|-supereffective|p1a: Latias
|-damage|p1a: Latias|100/518 par
|-fieldstart|move: Misty Terrain
|move|p1a: Latias|Max Mindstorm|p2a: Klefki
|-resisted|p2a: Klefki
|-damage|p2a: Klefki|80/456
|-fieldstart|move: Psychic Terrain
|
|-heal|p2a: Klefki|94/456|[from] item: Leftovers
|-heal|p1a: Latias|116/518 par|[from] item: Leftovers
|upkeep
|turn|36
|
|t:|1684293868
|move|p2a: Klefki|Max Starfall|p1a: Latias
|-supereffective|p1a: Latias
|-damage|p1a: Latias|0 fnt
|-fieldstart|move: Misty Terrain
|faint|p1a: Latias
|
|win|What Do I Mean
|n|☆uwuette requiem|uwuetterequiem
|n|☆What Do I Mean|whatdoimean
|n| hy is garbage|hyisgarbage
