|j|☆Andrew2079
|j|☆gareeb adani
|t:|1685305925
|gametype|singles
|player|p1|Andrew2079|palmer|1333
|player|p2|gareeb adani|2|1445
|teamsize|p1|6
|teamsize|p2|6
|gen|8
|tier|[Gen 8] Random Battle
|rated|
|rule|Species Clause: Limit one of each Pokémon
|rule|HP Percentage Mod: HP is shown in percentages
|rule|Sleep Clause Mod: Limit one foe put to sleep
|
|t:|1685305925
|start
|switch|p1a: Meowstic|Meowstic, L84, M|262/262
|switch|p2a: Arctozolt|Arctozolt, L86|295/295
|turn|1
|inactive|Battle timer is ON: inactive players will automatically lose when time's up. (requested by gareeb adani)
|
|t:|1685305940
|move|p1a: Meowstic|Reflect|p1a: Meowstic
|-sidestart|p1: Andrew2079|Reflect
|move|p2a: Arctozolt|Thunder Wave|p1a: Meowstic|[miss]
|-miss|p2a: Arctozolt|p1a: Meowstic
|
|upkeep
|turn|2
|
|t:|1685305945
|move|p1a: Meowstic|Light Screen|p1a: Meowstic
|-sidestart|p1: Andrew2079|move: Light Screen
|move|p2a: Arctozolt|Thunder Wave|p1a: Meowstic
|-status|p1a: Meowstic|par
|
|upkeep
|turn|3
|
|t:|1685305951
|move|p1a: Meowstic|Yawn|p2a: Arctozolt
|-start|p2a: Arctozolt|move: Yawn|[of] p1a: Meowstic
|move|p2a: Arctozolt|Bolt Beak|p1a: Meowstic
|-damage|p1a: Meowstic|213/262 par
|
|upkeep
|turn|4
|
|t:|1685305957
|switch|p2a: Tornadus|Tornadus-Therian, L78, M|251/251
|cant|p1a: Meowstic|par
|
|upkeep
|turn|5
|
|t:|1685305979
|move|p1a: Meowstic|Yawn|p2a: Tornadus
|-start|p2a: Tornadus|move: Yawn|[of] p1a: Meowstic
|move|p2a: Tornadus|Defog|p1a: Meowstic
|-unboost|p1a: Meowstic|evasion|1
|-sideend|p1: Andrew2079|Reflect
|-sideend|p1: Andrew2079|move: Light Screen
|
|upkeep
|turn|6
|
|t:|1685305995
|switch|p2a: Arctozolt|Arctozolt, L86|295/295
|cant|p1a: Meowstic|par
|
|upkeep
|turn|7
|
|t:|1685305999
|cant|p1a: Meowstic|par
|move|p2a: Arctozolt|Bolt Beak|p1a: Meowstic
|-damage|p1a: Meowstic|104/262 par
|
|upkeep
|turn|8
|
|t:|1685306005
|move|p1a: Meowstic|Yawn|p2a: Arctozolt
|-start|p2a: Arctozolt|move: Yawn|[of] p1a: Meowstic
|move|p2a: Arctozolt|Bolt Beak|p1a: Meowstic
|-crit|p1a: Meowstic
|-damage|p1a: Meowstic|0 fnt
|faint|p1a: Meowstic
|
|upkeep
|
|t:|1685306010
|switch|p1a: Dubwool|Dubwool, L86, M|264/264
|turn|9
|
|t:|1685306018
|switch|p2a: Zekrom|Zekrom, L69|252/252
|-ability|p2a: Zekrom|Teravolt
|move|p1a: Dubwool|Cotton Guard|p1a: Dubwool
|-boost|p1a: Dubwool|def|3
|
|upkeep
|turn|10
|
|t:|1685306024
|move|p1a: Dubwool|Cotton Guard|p1a: Dubwool
|-boost|p1a: Dubwool|def|3
|move|p2a: Zekrom|Dragon Dance|p2a: Zekrom
|-boost|p2a: Zekrom|atk|1
|-boost|p2a: Zekrom|spe|1
|
|upkeep
|turn|11
|
|t:|1685306029
|-start|p2a: Zekrom|Dynamax|
|-heal|p2a: Zekrom|504/504|[silent]
|move|p2a: Zekrom|Max Lightning|p1a: Dubwool
|-damage|p1a: Dubwool|218/264
|-fieldstart|move: Electric Terrain
|move|p1a: Dubwool|Body Press|p2a: Zekrom
|-damage|p2a: Zekrom|270/504
|
|-heal|p1a: Dubwool|234/264|[from] item: Leftovers
|upkeep
|turn|12
|
|t:|1685306041
|-start|p1a: Dubwool|Dynamax|
|-heal|p1a: Dubwool|468/528|[silent]
|move|p2a: Zekrom|Max Wyrmwind|p1a: Dubwool
|-damage|p1a: Dubwool|417/528
|-unboost|p1a: Dubwool|atk|1
|move|p1a: Dubwool|Max Knuckle|p2a: Zekrom
|-damage|p2a: Zekrom|243/504
|-boost|p1a: Dubwool|atk|1
|
|-heal|p1a: Dubwool|433/528|[from] item: Leftovers
|upkeep
|turn|13
|
|t:|1685306054
|move|p2a: Zekrom|Max Wyrmwind|p1a: Dubwool
|-damage|p1a: Dubwool|382/528
|-unboost|p1a: Dubwool|atk|1
|move|p1a: Dubwool|Max Knuckle|p2a: Zekrom
|-damage|p2a: Zekrom|216/504
|-boost|p1a: Dubwool|atk|1
|
|-heal|p1a: Dubwool|398/528|[from] item: Leftovers
|upkeep
|-end|p2a: Zekrom|Dynamax
|-heal|p2a: Zekrom|108/252|[silent]
|turn|14
|
|t:|1685306058
|move|p2a: Zekrom|Roost|p2a: Zekrom
|-heal|p2a: Zekrom|234/252
|-singleturn|p2a: Zekrom|move: Roost
|move|p1a: Dubwool|Max Knuckle|p2a: Zekrom
|-damage|p2a: Zekrom|194/252
|-boost|p1a: Dubwool|atk|1
|
|-heal|p1a: Dubwool|414/528|[from] item: Leftovers
|upkeep
|-end|p1a: Dubwool|Dynamax
|-heal|p1a: Dubwool|207/264|[silent]
|turn|15
|
|t:|1685306070
|move|p2a: Zekrom|Bolt Strike|p1a: Dubwool
|-damage|p1a: Dubwool|150/264
|move|p1a: Dubwool|Body Press|p2a: Zekrom
|-damage|p2a: Zekrom|0 fnt
|faint|p2a: Zekrom
|
|-heal|p1a: Dubwool|166/264|[from] item: Leftovers
|-fieldend|move: Electric Terrain
|upkeep
|
|t:|1685306072
|switch|p2a: Tornadus|Tornadus-Therian, L78, M|251/251
|turn|16
|
|t:|1685306079
|move|p2a: Tornadus|Hurricane|p1a: Dubwool
|-damage|p1a: Dubwool|52/264
|move|p1a: Dubwool|Body Press|p2a: Tornadus
|-resisted|p2a: Tornadus
|-damage|p2a: Tornadus|122/251
|
|-heal|p1a: Dubwool|68/264|[from] item: Leftovers
|upkeep
|turn|17
|
|t:|1685306089
|move|p2a: Tornadus|Hurricane|p1a: Dubwool
|-damage|p1a: Dubwool|0 fnt
|faint|p1a: Dubwool
|
|upkeep
|
|t:|1685306094
|switch|p1a: Regieleki|Regieleki, L78|253/253
|turn|18
|
|t:|1685306102
|switch|p2a: Arctozolt|Arctozolt, L86|295/295
|move|p1a: Regieleki|Substitute|p1a: Regieleki
|-start|p1a: Regieleki|Substitute
|-damage|p1a: Regieleki|190/253
|
|upkeep
|turn|19
|
|t:|1685306112
|move|p1a: Regieleki|Thunderbolt|p2a: Arctozolt
|-immune|p2a: Arctozolt|[from] ability: Volt Absorb
|move|p2a: Arctozolt|Stomping Tantrum|p1a: Regieleki
|-supereffective|p1a: Regieleki
|-end|p1a: Regieleki|Substitute
|
|upkeep
|turn|20
|
|t:|1685306118
|move|p1a: Regieleki|Explosion|p2a: Arctozolt
|-damage|p2a: Arctozolt|150/295
|faint|p1a: Regieleki
|move|p2a: Arctozolt|Bolt Beak|p1: Regieleki|[notarget]
|-fail|p2a: Arctozolt
|
|upkeep
|
|t:|1685306133
|switch|p1a: Rotom|Rotom, L84|221/221
|turn|21
|
|t:|1685306141
|switch|p2a: Arcanine|Arcanine, L82, M|282/282
|move|p1a: Rotom|Nasty Plot|p1a: Rotom
|-boost|p1a: Rotom|spa|2
|
|upkeep
|turn|22
|
|t:|1685306150
|move|p2a: Arcanine|Flare Blitz|p1a: Rotom
|-damage|p1a: Rotom|14/221
|-damage|p2a: Arcanine|214/282|[from] Recoil
|-damage|p2a: Arcanine|186/282|[from] item: Life Orb
|move|p1a: Rotom|Thunderbolt|p2a: Arcanine
|-damage|p2a: Arcanine|0 fnt
|faint|p2a: Arcanine
|-damage|p1a: Rotom|0 fnt|[from] item: Life Orb
|faint|p1a: Rotom
|
|upkeep
|
|t:|1685306159
|switch|p2a: Tornadus|Tornadus-Therian, L78, M|205/251
|switch|p1a: Swampert|Swampert, L80, F|291/291
|turn|23
|
|t:|1685306167
|move|p2a: Tornadus|Knock Off|p1a: Swampert
|-damage|p1a: Swampert|229/291
|-enditem|p1a: Swampert|Leftovers|[from] move: Knock Off|[of] p2a: Tornadus
|move|p1a: Swampert|Ice Beam|p2a: Tornadus
|-supereffective|p2a: Tornadus
|-damage|p2a: Tornadus|85/251
|
|upkeep
|turn|24
|
|t:|1685306179
|switch|p2a: Arctozolt|Arctozolt, L86|150/295
|move|p1a: Swampert|Ice Beam|p2a: Arctozolt
|-resisted|p2a: Arctozolt
|-damage|p2a: Arctozolt|122/295
|
|upkeep
|turn|25
|
|t:|1685306190
|switch|p2a: Cradily|Cradily, L86, M|288/288
|move|p1a: Swampert|Scald|p2a: Cradily
|-ability|p2a: Cradily|Storm Drain|boost
|-boost|p2a: Cradily|spa|1
|
|upkeep
|turn|26
|
|t:|1685306198
|move|p1a: Swampert|Earthquake|p2a: Cradily
|-damage|p2a: Cradily|191/288
|move|p2a: Cradily|Power Whip|p1a: Swampert
|-supereffective|p1a: Swampert
|-damage|p1a: Swampert|0 fnt
|faint|p1a: Swampert
|
|-heal|p2a: Cradily|209/288|[from] item: Leftovers
|upkeep
|
|t:|1685306203
|switch|p1a: Landorus|Landorus-Therian, L72, M|247/247
|-ability|p1a: Landorus|Intimidate|boost
|-unboost|p2a: Cradily|atk|1
|turn|27
|
|t:|1685306225
|move|p1a: Landorus|Fly||[still]
|-prepare|p1a: Landorus|Fly
|move|p2a: Cradily|Swords Dance|p2a: Cradily
|-boost|p2a: Cradily|atk|2
|
|-heal|p2a: Cradily|227/288|[from] item: Leftovers
|upkeep
|turn|28
|
|t:|1685306230
|move|p1a: Landorus|Fly|p2a: Cradily|[from]lockedmove
|-damage|p2a: Cradily|140/288
|move|p2a: Cradily|Power Whip|p1a: Landorus
|-damage|p1a: Landorus|31/247
|
|-heal|p2a: Cradily|158/288|[from] item: Leftovers
|upkeep
|turn|29
|
|t:|1685306237
|move|p1a: Landorus|Fly||[still]
|-prepare|p1a: Landorus|Fly
|move|p2a: Cradily|Recover|p2a: Cradily
|-heal|p2a: Cradily|288/288
|
|upkeep
|turn|30
|
|t:|1685306240
|move|p1a: Landorus|Fly|p2a: Cradily|[from]lockedmove
|-damage|p2a: Cradily|197/288
|move|p2a: Cradily|Power Whip|p1a: Landorus
|-damage|p1a: Landorus|0 fnt
|faint|p1a: Landorus
|
|win|gareeb adani
|raw|Andrew2079's rating: 1333 &rarr; <strong>1320</strong><br />(-13 for losing)
|raw|gareeb adani's rating: 1461 &rarr; <strong>1474</strong><br />(+13 for winning)
