|j|☆Brendanpal
|j|☆Vigpo0000
|t:|1685339599
|gametype|singles
|player|p1|Brendanpal|266|1380
|player|p2|Vigpo0000|101|1422
|teamsize|p1|6
|teamsize|p2|6
|gen|8
|tier|[Gen 8] Random Battle
|rated|
|rule|Species Clause: Limit one of each Pokémon
|rule|HP Percentage Mod: HP is shown in percentages
|rule|Sleep Clause Mod: Limit one foe put to sleep
|
|t:|1685339599
|start
|switch|p1a: Milotic|Milotic, L82, F|290/290
|switch|p2a: Dugtrio|Dugtrio-Alola, L82, M|192/192
|turn|1
|inactive|Battle timer is ON: inactive players will automatically lose when time's up. (requested by Brendanpal)
|inactive|Vigpo0000 also wants the timer to be on.
|
|t:|1685339617
|switch|p2a: Zeraora|Zeraora, L76|259/259
|switch|p1a: Ribombee|Ribombee, L82, M|233/233
|
|upkeep
|turn|2
|
|t:|1685339628
|move|p2a: Zeraora|Plasma Fists|p1a: Ribombee
|-damage|p1a: Ribombee|68/233
|-fieldactivate|move: Ion Deluge
|-hint|Normal-type moves become Electric-type after using Plasma Fists.
|-damage|p2a: Zeraora|234/259|[from] item: Life Orb
|move|p1a: Ribombee|Sticky Web|p2a: Zeraora
|-sidestart|p2: Vigpo0000|move: Sticky Web
|
|upkeep
|turn|3
|
|t:|1685339639
|move|p2a: Zeraora|Plasma Fists|p1a: Ribombee
|-damage|p1a: Ribombee|0 fnt
|-fieldactivate|move: Ion Deluge
|-hint|Normal-type moves become Electric-type after using Plasma Fists.
|faint|p1a: Ribombee
|-damage|p2a: Zeraora|209/259|[from] item: Life Orb
|
|upkeep
|
|t:|1685339664
|switch|p1a: Volcarona|Volcarona, L76, F|254/254
|turn|4
|
|t:|1685339669
|move|p2a: Zeraora|Plasma Fists|p1a: Volcarona
|-damage|p1a: Volcarona|90/254
|-fieldactivate|move: Ion Deluge
|-hint|Normal-type moves become Electric-type after using Plasma Fists.
|-damage|p2a: Zeraora|184/259|[from] item: Life Orb
|move|p1a: Volcarona|Quiver Dance|p1a: Volcarona
|-boost|p1a: Volcarona|spa|1
|-boost|p1a: Volcarona|spd|1
|-boost|p1a: Volcarona|spe|1
|
|upkeep
|turn|5
|
|t:|1685339680
|move|p1a: Volcarona|Fire Blast|p2a: Zeraora
|-damage|p2a: Zeraora|0 fnt
|faint|p2a: Zeraora
|
|upkeep
|
|t:|1685339689
|switch|p2a: Dugtrio|Dugtrio-Alola, L82, M|192/192
|-activate|p2a: Dugtrio|move: Sticky Web
|-unboost|p2a: Dugtrio|spe|1
|turn|6
|
|t:|1685339694
|move|p1a: Volcarona|Roost|p1a: Volcarona
|-heal|p1a: Volcarona|217/254
|-singleturn|p1a: Volcarona|move: Roost
|move|p2a: Dugtrio|Stone Edge|p1a: Volcarona|[miss]
|-miss|p2a: Dugtrio|p1a: Volcarona
|
|upkeep
|turn|7
|
|t:|1685339701
|move|p1a: Volcarona|Fire Blast|p2a: Dugtrio
|-supereffective|p2a: Dugtrio
|-enditem|p2a: Dugtrio|Focus Sash
|-damage|p2a: Dugtrio|1/192
|move|p2a: Dugtrio|Stone Edge|p1a: Volcarona
|-supereffective|p1a: Volcarona
|-damage|p1a: Volcarona|0 fnt
|faint|p1a: Volcarona
|
|upkeep
|
|t:|1685339725
|switch|p1a: Milotic|Milotic, L82, F|290/290
|turn|8
|
|t:|1685339730
|move|p1a: Milotic|Scald|p2a: Dugtrio
|-supereffective|p2a: Dugtrio
|-damage|p2a: Dugtrio|0 fnt
|faint|p2a: Dugtrio
|
|upkeep
|
|t:|1685339748
|switch|p2a: Tapu Lele|Tapu Lele, L79|240/240
|-activate|p2a: Tapu Lele|move: Sticky Web
|-unboost|p2a: Tapu Lele|spe|1
|-fieldstart|move: Psychic Terrain|[from] ability: Psychic Surge|[of] p2a: Tapu Lele
|turn|9
|
|t:|1685339757
|move|p1a: Milotic|Toxic|p2a: Tapu Lele
|-status|p2a: Tapu Lele|tox
|move|p2a: Tapu Lele|Psychic|p1a: Milotic
|-damage|p1a: Milotic|134/290
|
|-heal|p1a: Milotic|152/290|[from] item: Leftovers
|-damage|p2a: Tapu Lele|225/240 tox|[from] psn
|upkeep
|turn|10
|
|t:|1685339774
|switch|p1a: Slowking|Slowking, L86, M|304/304
|move|p2a: Tapu Lele|Psychic|p1a: Slowking
|-resisted|p1a: Slowking
|-damage|p1a: Slowking|214/304
|
|-heal|p1a: Slowking|233/304|[from] item: Leftovers
|-damage|p2a: Tapu Lele|195/240 tox|[from] psn
|upkeep
|turn|11
|
|t:|1685339788
|switch|p2a: Obstagoon|Obstagoon, L80, M|280/280
|-activate|p2a: Obstagoon|move: Sticky Web
|-unboost|p2a: Obstagoon|spe|1
|move|p1a: Slowking|Psyshock|p2a: Obstagoon
|-immune|p2a: Obstagoon
|
|-heal|p1a: Slowking|252/304|[from] item: Leftovers
|-status|p2a: Obstagoon|brn|[from] item: Flame Orb
|upkeep
|turn|12
|
|t:|1685339805
|switch|p1a: Milotic|Milotic, L82, F|152/290
|move|p2a: Obstagoon|Facade|p1a: Milotic
|-damage|p1a: Milotic|0 fnt
|faint|p1a: Milotic
|
|-damage|p2a: Obstagoon|263/280 brn|[from] brn
|upkeep
|
|t:|1685339818
|switch|p1a: Braviary|Braviary, L82, M|298/298
|turn|13
|
|t:|1685339824
|move|p1a: Braviary|Close Combat|p2a: Obstagoon
|-supereffective|p2a: Obstagoon
|-damage|p2a: Obstagoon|0 fnt
|-unboost|p1a: Braviary|def|1
|-unboost|p1a: Braviary|spd|1
|faint|p2a: Obstagoon
|
|-fieldend|move: Psychic Terrain
|upkeep
|
|t:|1685339833
|switch|p2a: Tapu Lele|Tapu Lele, L79|195/240 tox
|-activate|p2a: Tapu Lele|move: Sticky Web
|-unboost|p2a: Tapu Lele|spe|1
|-fieldstart|move: Psychic Terrain|[from] ability: Psychic Surge|[of] p2a: Tapu Lele
|turn|14
|
|t:|1685339840
|switch|p1a: Slowking|Slowking, L86, M|304/304
|move|p2a: Tapu Lele|Psychic|p1a: Slowking
|-resisted|p1a: Slowking
|-damage|p1a: Slowking|223/304
|
|-heal|p1a: Slowking|242/304|[from] item: Leftovers
|-damage|p2a: Tapu Lele|180/240 tox|[from] psn
|upkeep
|turn|15
|
|t:|1685339851
|switch|p2a: Liepard|Liepard, L86, M|250/250
|-activate|p2a: Liepard|move: Sticky Web
|-unboost|p2a: Liepard|spe|1
|move|p1a: Slowking|Psyshock|p2a: Liepard
|-immune|p2a: Liepard
|
|-heal|p1a: Slowking|261/304|[from] item: Leftovers
|upkeep
|turn|16
|
|t:|1685339863
|switch|p1a: Braviary|Braviary, L82, M|298/298
|move|p2a: Liepard|Knock Off|p1a: Braviary
|-damage|p1a: Braviary|181/298
|-enditem|p1a: Braviary|Heavy-Duty Boots|[from] move: Knock Off|[of] p2a: Liepard
|
|upkeep
|turn|17
|
|t:|1685339873
|switch|p2a: Tapu Lele|Tapu Lele, L79|180/240 tox
|-activate|p2a: Tapu Lele|move: Sticky Web
|-unboost|p2a: Tapu Lele|spe|1
|move|p1a: Braviary|Close Combat|p2a: Tapu Lele
|-resisted|p2a: Tapu Lele
|-damage|p2a: Tapu Lele|151/240 tox
|-unboost|p1a: Braviary|def|1
|-unboost|p1a: Braviary|spd|1
|
|-damage|p2a: Tapu Lele|136/240 tox|[from] psn
|upkeep
|turn|18
|
|t:|1685339886
|switch|p1a: Slowking|Slowking, L86, M|304/304
|move|p2a: Tapu Lele|Shadow Ball|p1a: Slowking
|-supereffective|p1a: Slowking
|-damage|p1a: Slowking|158/304
|
|-heal|p1a: Slowking|177/304|[from] item: Leftovers
|-damage|p2a: Tapu Lele|106/240 tox|[from] psn
|-fieldend|move: Psychic Terrain
|upkeep
|turn|19
|
|t:|1685339896
|move|p2a: Tapu Lele|Shadow Ball|p1a: Slowking
|-supereffective|p1a: Slowking
|-damage|p1a: Slowking|29/304
|move|p1a: Slowking|Scald|p2a: Tapu Lele
|-damage|p2a: Tapu Lele|31/240 tox
|
|-heal|p1a: Slowking|48/304|[from] item: Leftovers
|-damage|p2a: Tapu Lele|0 fnt|[from] psn
|faint|p2a: Tapu Lele
|upkeep
|
|t:|1685339912
|switch|p2a: Liepard|Liepard, L86, M|250/250
|-activate|p2a: Liepard|move: Sticky Web
|-unboost|p2a: Liepard|spe|1
|turn|20
|
|t:|1685339918
|switch|p1a: Braviary|Braviary, L82, M|181/298
|move|p2a: Liepard|Knock Off|p1a: Braviary
|-damage|p1a: Braviary|96/298
|
|upkeep
|turn|21
|
|t:|1685339930
|-start|p2a: Liepard|Dynamax|
|-heal|p2a: Liepard|500/500|[silent]
|move|p1a: Braviary|Roost|p1a: Braviary
|-heal|p1a: Braviary|245/298
|-singleturn|p1a: Braviary|move: Roost
|move|p2a: Liepard|Max Starfall|p1a: Braviary
|-damage|p1a: Braviary|150/298
|-fieldstart|move: Misty Terrain
|
|upkeep
|turn|22
|
|t:|1685339943
|move|p1a: Braviary|Close Combat|p2a: Liepard
|-supereffective|p2a: Liepard
|-damage|p2a: Liepard|230/500
|-unboost|p1a: Braviary|def|1
|-unboost|p1a: Braviary|spd|1
|move|p2a: Liepard|Max Darkness|p1a: Braviary
|-damage|p1a: Braviary|0 fnt
|faint|p1a: Braviary
|
|-heal|p2a: Liepard|245/500|[from] item: Leftovers
|upkeep
|
|t:|1685339959
|switch|p1a: Marshadow|Marshadow, L70|242/242
|turn|23
|
|t:|1685339968
|move|p1a: Marshadow|Close Combat|p2a: Liepard
|-supereffective|p2a: Liepard
|-damage|p2a: Liepard|0 fnt
|-unboost|p1a: Marshadow|def|1
|-unboost|p1a: Marshadow|spd|1
|faint|p2a: Liepard
|-damage|p1a: Marshadow|218/242|[from] item: Life Orb
|
|upkeep
|
|t:|1685339977
|switch|p2a: Centiskorch|Centiskorch, L84, F|305/305
|turn|24
|
|t:|1685339981
|switch|p1a: Slowking|Slowking, L86, M|149/304
|move|p2a: Centiskorch|Knock Off|p1a: Slowking
|-supereffective|p1a: Slowking
|-damage|p1a: Slowking|0 fnt
|-enditem|p1a: Slowking|Leftovers|[from] move: Knock Off|[of] p2a: Centiskorch
|faint|p1a: Slowking
|
|upkeep
|
|t:|1685339986
|switch|p1a: Marshadow|Marshadow, L70|218/242
|turn|25
|
|t:|1685339996
|-start|p1a: Marshadow|Dynamax|
|-heal|p1a: Marshadow|436/484|[silent]
|move|p1a: Marshadow|Max Phantasm|p2a: Centiskorch
|-damage|p2a: Centiskorch|114/305
|-unboost|p2a: Centiskorch|def|1
|-damage|p1a: Marshadow|412/484|[from] item: Life Orb
|move|p2a: Centiskorch|Knock Off|p1a: Marshadow
|-damage|p1a: Marshadow|311/484
|-enditem|p1a: Marshadow|Life Orb|[from] move: Knock Off|[of] p2a: Centiskorch
|
|-fieldend|Misty Terrain
|upkeep
|turn|26
|
|t:|1685340012
|move|p1a: Marshadow|Max Phantasm|p2a: Centiskorch
|-damage|p2a: Centiskorch|0 fnt
|faint|p2a: Centiskorch
|
|win|Brendanpal
|raw|Brendanpal's rating: 1380 &rarr; <strong>1402</strong><br />(+22 for winning)
|raw|Vigpo0000's rating: 1422 &rarr; <strong>1400</strong><br />(-22 for losing)
