{"id": "gen8randombattle-1872165294", "p1": "Vigpo0000", "p2": "VapidPigeon", "format": "[Gen 8] Random Battle", "log": "|j|\u2606Vigpo0000\n|j|\u2606VapidPigeon\n|t:|1685191003\n|gametype|singles\n|player|p1|Vigpo0000|169|1413\n|player|p2|VapidPigeon|hugh|1533\n|teamsize|p1|6\n|teamsize|p2|6\n|gen|8\n|tier|[Gen 8] Random Battle\n|rated|\n|rule|Species Clause: Limit one of each Pok\u00e9mon\n|rule|HP Percentage Mod: HP is shown in percentages\n|rule|Sleep Clause Mod: Limit one foe put to sleep\n|\n|t:|1685191003\n|start\n|switch|p1a: Exeggutor|Exeggutor, L86, M|304/304\n|switch|p2a: Suicune|Suicune, L80|291/291\n|-ability|p2a: Suicune|Pressure\n|turn|1\n|inactive|Battle timer is ON: inactive players will automatically lose when time's up. (requested by Vigpo0000)\n|\n|t:|1685191014\n|switch|p2a: Uxie|Uxie, L82|257/257\n|move|p1a: Exeggutor|Giga Drain|p2a: Uxie\n|-damage|p2a: Uxie|176/257\n|\n|-heal|p2a: Uxie|192/257|[from] item: Leftovers\n|upkeep\n|turn|2\n|\n|t:|1685191026\n|move|p2a: Uxie|U-turn|p1a: Exeggutor\n|-supereffective|p1a: Exeggutor\n|-damage|p1a: Exeggutor|132/304\n|-enditem|p1a: Exeggutor|Sitrus Berry|[eat]\n|-heal|p1a: Exeggutor|208/304|[from] item: Sitrus Berry\n|\n|t:|1685191032\n|switch|p2a: Leafeon|Leafeon, L86, F|252/252|[from] U-turn\n|move|p1a: Exeggutor|Substitute|p1a: Exeggutor\n|-start|p1a: Exeggutor|Substitute\n|-damage|p1a: Exeggutor|132/304\n|\n|upkeep\n|turn|3\n|\n|t:|1685191040\n|move|p2a: Leafeon|Swords Dance|p2a: Leafeon\n|-boost|p2a: Leafeon|atk|2\n|move|p1a: Exeggutor|Psychic|p2a: Leafeon\n|-damage|p2a: Leafeon|113/252\n|\n|upkeep\n|turn|4\n|\n|t:|1685191050\n|move|p2a: Leafeon|Knock Off|p1a: Exeggutor\n|-supereffective|p1a: Exeggutor\n|-end|p1a: Exeggutor|Substitute\n|move|p1a: Exeggutor|Psychic|p2a: Leafeon\n|-damage|p2a: Leafeon|0 fnt\n|faint|p2a: Leafeon\n|\n|upkeep\n|\n|t:|1685191054\n|switch|p2a: Uxie|Uxie, L82|192/257\n|turn|5\n|\n|t:|1685191067\n|move|p2a: Uxie|U-turn|p1a: Exeggutor\n|-supereffective|p1a: Exeggutor\n|-damage|p1a: Exeggutor|0 fnt\n|faint|p1a: Exeggutor\n|inactive|VapidPigeon has 120 seconds left.\n|c|\u2606Vigpo0000|Vapidpigeon\n|c|\u2606Vigpo0000|Vapidpigeon\n|\n|t:|1685191123\n|switch|p2a: Ho-Oh|Ho-Oh, L72|272/272|[from] U-turn\n|\n|upkeep\n|\n|t:|1685191136\n|switch|p1a: Carbink|Carbink, L86|226/226\n|turn|6\n|\n|t:|1685191141\n|switch|p2a: Uxie|Uxie, L82|192/257\n|move|p1a: Carbink|Reflect|p1a: Carbink\n|-sidestart|p1: Vigpo0000|Reflect\n|\n|-heal|p2a: Uxie|208/257|[from] item: Leftovers\n|upkeep\n|turn|7\n|\n|t:|1685191148\n|move|p2a: Uxie|Stealth Rock|p1a: Carbink\n|-sidestart|p1: Vigpo0000|move: Stealth Rock\n|move|p1a: Carbink|Light Screen|p1a: Carbink\n|-sidestart|p1: Vigpo0000|move: Light Screen\n|\n|-heal|p2a: Uxie|224/257|[from] item: Leftovers\n|upkeep\n|turn|8\n|inactive|VapidPigeon has 120 seconds left.\n|\n|t:|1685191184\n|move|p2a: Uxie|Yawn|p1a: Carbink\n|-start|p1a: Carbink|move: Yawn|[of] p2a: Uxie\n|move|p1a: Carbink|Stealth Rock|p2a: Uxie\n|-sidestart|p2: VapidPigeon|move: Stealth Rock\n|\n|-heal|p2a: Uxie|240/257|[from] item: Leftovers\n|upkeep\n|turn|9\n|\n|t:|1685191204\n|switch|p1a: Flygon|Flygon, L80, F|259/259\n|-damage|p1a: Flygon|243/259|[from] Stealth Rock\n|move|p2a: Uxie|Psychic|p1a: Flygon\n|-damage|p1a: Flygon|201/259\n|\n|-heal|p2a: Uxie|256/257|[from] item: Leftovers\n|upkeep\n|turn|10\n|inactive|VapidPigeon has 90 seconds left.\n|\n|t:|1685191240\n|move|p1a: Flygon|Dragon Dance|p1a: Flygon\n|-boost|p1a: Flygon|atk|1\n|-boost|p1a: Flygon|spe|1\n|move|p2a: Uxie|Yawn|p1a: Flygon\n|-start|p1a: Flygon|move: Yawn|[of] p2a: Uxie\n|\n|-heal|p2a: Uxie|257/257|[from] item: Leftovers\n|upkeep\n|turn|11\n|\n|t:|1685191250\n|move|p1a: Flygon|Outrage|p2a: Uxie\n|-damage|p2a: Uxie|74/257\n|-damage|p1a: Flygon|176/259|[from] item: Life Orb\n|move|p2a: Uxie|Psychic|p1a: Flygon\n|-damage|p1a: Flygon|132/259\n|-unboost|p1a: Flygon|spd|1\n|\n|-heal|p2a: Uxie|90/257|[from] item: Leftovers\n|-end|p1a: Flygon|move: Yawn|[silent]\n|-status|p1a: Flygon|slp\n|upkeep\n|turn|12\n|\n|t:|1685191262\n|cant|p1a: Flygon|slp\n|move|p2a: Uxie|Psychic|p1a: Flygon\n|-damage|p1a: Flygon|64/259 slp\n|\n|-heal|p2a: Uxie|106/257|[from] item: Leftovers\n|upkeep\n|turn|13\n|\n|t:|1685191270\n|cant|p1a: Flygon|slp\n|move|p2a: Uxie|Psychic|p1a: Flygon\n|-damage|p1a: Flygon|5/259 slp\n|\n|-heal|p2a: Uxie|122/257|[from] item: Leftovers\n|-sideend|p1: Vigpo0000|Reflect\n|upkeep\n|turn|14\n|\n|t:|1685191279\n|cant|p1a: Flygon|slp\n|move|p2a: Uxie|Psychic|p1a: Flygon\n|-damage|p1a: Flygon|0 fnt\n|faint|p1a: Flygon\n|\n|-heal|p2a: Uxie|138/257|[from] item: Leftovers\n|-sideend|p1: Vigpo0000|move: Light Screen\n|upkeep\n|\n|t:|1685191296\n|switch|p1a: Gurdurr|Gurdurr, L83, M|277/277\n|-damage|p1a: Gurdurr|260/277|[from] Stealth Rock\n|turn|15\n|\n|t:|1685191301\n|move|p2a: Uxie|Psychic|p1a: Gurdurr\n|-supereffective|p1a: Gurdurr\n|-damage|p1a: Gurdurr|120/277\n|-unboost|p1a: Gurdurr|spd|1\n|move|p1a: Gurdurr|Knock Off|p2a: Uxie\n|-supereffective|p2a: Uxie\n|-damage|p2a: Uxie|28/257\n|-enditem|p2a: Uxie|Leftovers|[from] move: Knock Off|[of] p1a: Gurdurr\n|\n|upkeep\n|turn|16\n|\n|t:|1685191311\n|move|p1a: Gurdurr|Mach Punch|p2a: Uxie\n|-resisted|p2a: Uxie\n|-damage|p2a: Uxie|10/257\n|move|p2a: Uxie|Psychic|p1a: Gurdurr\n|-supereffective|p1a: Gurdurr\n|-crit|p1a: Gurdurr\n|-damage|p1a: Gurdurr|0 fnt\n|faint|p1a: Gurdurr\n|\n|upkeep\n|\n|t:|1685191322\n|switch|p1a: Linoone|Linoone, L84, F|268/268\n|-damage|p1a: Linoone|235/268|[from] Stealth Rock\n|turn|17\n|\n|t:|1685191332\n|move|p1a: Linoone|Extreme Speed|p2a: Uxie\n|-damage|p2a: Uxie|0 fnt\n|faint|p2a: Uxie\n|\n|upkeep\n|\n|t:|1685191337\n|switch|p2a: Zeraora|Zeraora, L76|259/259\n|-damage|p2a: Zeraora|227/259|[from] Stealth Rock\n|turn|18\n|\n|t:|1685191343\n|move|p2a: Zeraora|Knock Off|p1a: Linoone\n|-damage|p1a: Linoone|159/268\n|-enditem|p1a: Linoone|Mago Berry|[from] move: Knock Off|[of] p2a: Zeraora\n|move|p1a: Linoone|Stomping Tantrum|p2a: Zeraora\n|-supereffective|p2a: Zeraora\n|-damage|p2a: Zeraora|119/259\n|\n|upkeep\n|turn|19\n|\n|t:|1685191351\n|move|p2a: Zeraora|Plasma Fists|p1a: Linoone\n|-damage|p1a: Linoone|39/268\n|-fieldactivate|move: Ion Deluge\n|-hint|Normal-type moves become Electric-type after using Plasma Fists.\n|move|p1a: Linoone|Stomping Tantrum|p2a: Zeraora\n|-supereffective|p2a: Zeraora\n|-damage|p2a: Zeraora|21/259\n|\n|upkeep\n|turn|20\n|\n|t:|1685191360\n|move|p1a: Linoone|Extreme Speed|p2a: Zeraora\n|-damage|p2a: Zeraora|0 fnt\n|faint|p2a: Zeraora\n|\n|upkeep\n|\n|t:|1685191364\n|switch|p2a: Lycanroc|Lycanroc, L80, F|251/251\n|-damage|p2a: Lycanroc|220/251|[from] Stealth Rock\n|turn|21\n|\n|t:|1685191373\n|move|p1a: Linoone|Extreme Speed|p2a: Lycanroc\n|-resisted|p2a: Lycanroc\n|-damage|p2a: Lycanroc|176/251\n|move|p2a: Lycanroc|Close Combat|p1a: Linoone\n|-supereffective|p1a: Linoone\n|-damage|p1a: Linoone|0 fnt\n|-unboost|p2a: Lycanroc|def|1\n|-unboost|p2a: Lycanroc|spd|1\n|faint|p1a: Linoone\n|\n|upkeep\n|\n|t:|1685191389\n|switch|p1a: Carbink|Carbink, L86|226/226\n|-damage|p1a: Carbink|198/226|[from] Stealth Rock\n|turn|22\n|\n|t:|1685191398\n|move|p2a: Lycanroc|Close Combat|p1a: Carbink\n|-damage|p1a: Carbink|105/226\n|-unboost|p2a: Lycanroc|def|1\n|-unboost|p2a: Lycanroc|spd|1\n|move|p1a: Carbink|Reflect|p1a: Carbink\n|-sidestart|p1: Vigpo0000|Reflect\n|\n|upkeep\n|turn|23\n|\n|t:|1685191407\n|move|p2a: Lycanroc|Close Combat|p1a: Carbink\n|-damage|p1a: Carbink|61/226\n|-unboost|p2a: Lycanroc|def|1\n|-unboost|p2a: Lycanroc|spd|1\n|move|p1a: Carbink|Light Screen|p1a: Carbink\n|-sidestart|p1: Vigpo0000|move: Light Screen\n|\n|upkeep\n|turn|24\n|\n|t:|1685191414\n|move|p2a: Lycanroc|Close Combat|p1a: Carbink\n|-damage|p1a: Carbink|20/226\n|-unboost|p2a: Lycanroc|def|1\n|-unboost|p2a: Lycanroc|spd|1\n|move|p1a: Carbink|Moonblast|p2a: Lycanroc\n|-damage|p2a: Lycanroc|0 fnt\n|faint|p2a: Lycanroc\n|\n|upkeep\n|\n|t:|1685191418\n|switch|p2a: Suicune|Suicune, L80|291/291\n|-damage|p2a: Suicune|255/291|[from] Stealth Rock\n|-ability|p2a: Suicune|Pressure\n|turn|25\n|\n|t:|1685191430\n|switch|p1a: Azelf|Azelf, L82|257/257\n|-damage|p1a: Azelf|225/257|[from] Stealth Rock\n|move|p2a: Suicune|Scald|p1a: Azelf\n|-damage|p1a: Azelf|182/257\n|\n|-heal|p2a: Suicune|273/291|[from] item: Leftovers\n|upkeep\n|turn|26\n|\n|t:|1685191441\n|-start|p1a: Azelf|Dynamax|\n|-heal|p1a: Azelf|364/514|[silent]\n|move|p1a: Azelf|Max Mindstorm|p2a: Suicune\n|-damage|p2a: Suicune|94/291\n|-fieldstart|move: Psychic Terrain\n|-damage|p1a: Azelf|339/514|[from] item: Life Orb\n|move|p2a: Suicune|Calm Mind|p2a: Suicune\n|-boost|p2a: Suicune|spa|1\n|-boost|p2a: Suicune|spd|1\n|\n|-heal|p2a: Suicune|112/291|[from] item: Leftovers\n|upkeep\n|turn|27\n|\n|t:|1685191455\n|move|p1a: Azelf|Max Mindstorm|p2a: Suicune\n|-damage|p2a: Suicune|0 fnt\n|faint|p2a: Suicune\n|-damage|p1a: Azelf|314/514|[from] item: Life Orb\n|\n|upkeep\n|\n|t:|1685191463\n|switch|p2a: Ho-Oh|Ho-Oh, L72|272/272\n|turn|28\n|\n|t:|1685191468\n|-start|p2a: Ho-Oh|Dynamax|\n|-heal|p2a: Ho-Oh|544/544|[silent]\n|move|p2a: Ho-Oh|Max Guard|p2a: Ho-Oh\n|-singleturn|p2a: Ho-Oh|Max Guard\n|move|p1a: Azelf|Max Mindstorm|p2a: Ho-Oh\n|-activate|p2a: Ho-Oh|move: Max Guard\n|\n|upkeep\n|-end|p1a: Azelf|Dynamax\n|-heal|p1a: Azelf|157/257|[silent]\n|turn|29\n|\n|t:|1685191480\n|move|p1a: Azelf|Psychic|p2a: Ho-Oh\n|-damage|p2a: Ho-Oh|430/544\n|-damage|p1a: Azelf|132/257|[from] item: Life Orb\n|move|p2a: Ho-Oh|Max Airstream|p1a: Azelf\n|-damage|p1a: Azelf|42/257\n|-boost|p2a: Ho-Oh|spe|1\n|\n|-sideend|p1: Vigpo0000|Reflect\n|upkeep\n|turn|30\n|\n|t:|1685191495\n|move|p2a: Ho-Oh|Max Flare|p1a: Azelf\n|-damage|p1a: Azelf|0 fnt\n|-weather|SunnyDay\n|faint|p1a: Azelf\n|\n|-weather|SunnyDay|[upkeep]\n|-sideend|p1: Vigpo0000|move: Light Screen\n|-fieldend|move: Psychic Terrain\n|upkeep\n|c|\u2606VapidPigeon|gg\n|\n|t:|1685191505\n|switch|p1a: Carbink|Carbink, L86|20/226\n|-damage|p1a: Carbink|0 fnt|[from] Stealth Rock\n|faint|p1a: Carbink\n|\n|win|VapidPigeon\n|raw|Vigpo0000's rating: 1413 &rarr; <strong>1400</strong><br />(-13 for losing)\n|raw|VapidPigeon's rating: 1533 &rarr; <strong>1546</strong><br />(+13 for winning)\n", "inputlog": ">version d74822bbc74c095aa312053f7034baee3068d99e\n>start {\"formatid\":\"gen8randombattle\",\"seed\":[14888,58521,18127,4583],\"rated\":\"Rated battle\"}\n>player p1 {\"name\":\"Vigpo0000\",\"avatar\":\"169\",\"rating\":1413,\"seed\":[19431,30330,39381,50047]}\n>player p2 {\"name\":\"VapidPigeon\",\"avatar\":\"hugh\",\"rating\":1533,\"seed\":[4572,35791,5494,4491]}\n>p1 move gigadrain\n>p2 switch 4\n>p1 move substitute\n>p2 move uturn\n>p2 switch 2\n>p1 move psychic\n>p2 move swordsdance\n>p1 move psychic\n>p2 move knockoff\n>p2 switch 2\n>p1 move leechseed\n>p2 move uturn\n>chat \u2606Vigpo0000|Vapidpigeon\n>chat \u2606Vigpo0000|Vapidpigeon\n>p2 switch 3\n>p1 switch 2\n>p1 move reflect\n>p2 switch 3\n>p1 move lightscreen\n>p2 move stealthrock\n>p1 move stealthrock\n>p2 move yawn\n>p1 switch 4\n>p2 move psychic\n>p1 move dragondance\n>p2 move yawn\n>p1 move outrage\n>p2 move psychic\n>p1 move outrage\n>p2 move psychic\n>p1 move outrage\n>p2 move psychic\n>p1 move outrage\n>p2 move psychic\n>p1 switch 5\n>p1 move knockoff\n>p2 move psychic\n>p1 move machpunch\n>p2 move psychic\n>p1 switch 6\n>p1 move extremespeed\n>p2 move yawn\n>p2 switch 6\n>p1 move stompingtantrum\n>p2 move knockoff\n>p1 move stompingtantrum\n>p2 move plasmafists\n>p1 move extremespeed\n>p2 move plasmafists\n>p2 switch 5\n>p1 move extremespeed\n>p2 move closecombat\n>p1 switch 4\n>p1 move reflect\n>p2 move closecombat\n>p1 move lightscreen\n>p2 move closecombat\n>p1 move moonblast\n>p2 move closecombat\n>p2 switch 4\n>p1 switch 3\n>p2 move scald\n>p1 move psychic dynamax\n>p2 move calmmind\n>p1 move psychic dynamax\n>p2 move scald\n>p2 switch 3\n>p1 move psychic dynamax\n>p2 move toxic dynamax\n>p1 move psychic\n>p2 move bravebird dynamax\n>p1 move psychic\n>p2 move sacredfire dynamax\n>chat \u2606VapidPigeon|gg\n>p1 switch 3", "uploadtime": 1685191527, "views": 4, "p1id": "vigpo0000", "p2id": "vapidpigeon", "formatid": "gen8randombattle", "rating": 1400, "private": 0, "password": ""}