{"id": "gen8randombattle-1865639859", "p1": "Sparna_of_Yomi", "p2": "elduo", "format": "[Gen 8] Random Battle", "log": "|j|\u2606Sparna_of_Yomi\n|j|\u2606elduo\n|t:|1684322427\n|gametype|singles\n|player|p1|Sparna_of_Yomi|blackbelt|1452\n|player|p2|elduo|1|1416\n|teamsize|p1|6\n|teamsize|p2|6\n|gen|8\n|tier|[Gen 8] Random Battle\n|rated|\n|rule|Species Clause: Limit one of each Pok\u00e9mon\n|rule|HP Percentage Mod: HP is shown in percentages\n|rule|Sleep Clause Mod: Limit one foe put to sleep\n|\n|t:|1684322427\n|start\n|switch|p1a: Emolga|Emolga, L88, M|240/240\n|switch|p2a: Thundurus|Thundurus-Therian, L80, M|258/258\n|turn|1\n|j| 6hf4d\n|inactive|Battle timer is ON: inactive players will automatically lose when time's up. (requested by Sparna_of_Yomi)\n|\n|t:|1684322464\n|move|p1a: Emolga|Toxic|p2a: Thundurus\n|-status|p2a: Thundurus|tox\n|move|p2a: Thundurus|Psychic|p1a: Emolga\n|-damage|p1a: Emolga|139/240\n|\n|-damage|p2a: Thundurus|242/258 tox|[from] psn\n|upkeep\n|turn|2\n|\n|t:|1684322469\n|move|p1a: Emolga|Roost|p1a: Emolga\n|-heal|p1a: Emolga|240/240\n|-singleturn|p1a: Emolga|move: Roost\n|move|p2a: Thundurus|Psychic|p1a: Emolga\n|-crit|p1a: Emolga\n|-damage|p1a: Emolga|89/240\n|\n|-damage|p2a: Thundurus|210/258 tox|[from] psn\n|upkeep\n|turn|3\n|\n|t:|1684322492\n|switch|p2a: Vanilluxe|Vanilluxe, L82, M|251/251\n|-weather|Hail|[from] ability: Snow Warning|[of] p2a: Vanilluxe\n|move|p1a: Emolga|Roost|p1a: Emolga\n|-heal|p1a: Emolga|209/240\n|-singleturn|p1a: Emolga|move: Roost\n|\n|-weather|Hail|[upkeep]\n|-damage|p1a: Emolga|194/240|[from] Hail\n|upkeep\n|turn|4\n|\n|t:|1684322510\n|move|p1a: Emolga|Toxic|p2a: Vanilluxe\n|-status|p2a: Vanilluxe|tox\n|move|p2a: Vanilluxe|Blizzard|p1a: Emolga\n|-supereffective|p1a: Emolga\n|-damage|p1a: Emolga|0 fnt\n|faint|p1a: Emolga\n|\n|-weather|Hail|[upkeep]\n|-damage|p2a: Vanilluxe|236/251 tox|[from] psn\n|upkeep\n|\n|t:|1684322516\n|switch|p1a: Duraludon|Duraludon, L84, M|255/255\n|turn|5\n|\n|t:|1684322527\n|switch|p2a: Milotic|Milotic, L82, M|290/290\n|move|p1a: Duraludon|Flash Cannon|p2a: Milotic\n|-resisted|p2a: Milotic\n|-damage|p2a: Milotic|251/290\n|\n|-weather|Hail|[upkeep]\n|-damage|p1a: Duraludon|240/255|[from] Hail\n|-damage|p2a: Milotic|233/290|[from] Hail\n|-heal|p2a: Milotic|251/290|[from] item: Leftovers\n|upkeep\n|turn|6\n|\n|t:|1684322537\n|move|p1a: Duraludon|Thunderbolt|p2a: Milotic\n|-supereffective|p2a: Milotic\n|-damage|p2a: Milotic|129/290\n|move|p2a: Milotic|Ice Beam|p1a: Duraludon\n|-damage|p1a: Duraludon|180/255\n|\n|-weather|Hail|[upkeep]\n|-damage|p1a: Duraludon|165/255|[from] Hail\n|-damage|p2a: Milotic|111/290|[from] Hail\n|-heal|p2a: Milotic|129/290|[from] item: Leftovers\n|upkeep\n|turn|7\n|\n|t:|1684322566\n|move|p1a: Duraludon|Thunderbolt|p2a: Milotic\n|-supereffective|p2a: Milotic\n|-damage|p2a: Milotic|13/290\n|move|p2a: Milotic|Ice Beam|p1a: Duraludon\n|-damage|p1a: Duraludon|98/255\n|-status|p1a: Duraludon|frz\n|\n|-weather|none\n|-heal|p2a: Milotic|31/290|[from] item: Leftovers\n|upkeep\n|turn|8\n|\n|t:|1684322576\n|cant|p1a: Duraludon|frz\n|move|p2a: Milotic|Recover|p2a: Milotic\n|-heal|p2a: Milotic|176/290\n|\n|-heal|p2a: Milotic|194/290|[from] item: Leftovers\n|upkeep\n|turn|9\n|\n|t:|1684322584\n|switch|p1a: Vileplume|Vileplume, L84, M|263/263\n|move|p2a: Milotic|Ice Beam|p1a: Vileplume\n|-supereffective|p1a: Vileplume\n|-damage|p1a: Vileplume|139/263\n|\n|-heal|p2a: Milotic|212/290|[from] item: Leftovers\n|-heal|p1a: Vileplume|155/263|[from] item: Black Sludge\n|upkeep\n|turn|10\n|inactive|elduo has 120 seconds left.\n|\n|t:|1684322617\n|switch|p2a: Thundurus|Thundurus-Therian, L80, M|210/258 tox\n|move|p1a: Vileplume|Sleep Powder|p2a: Thundurus|[miss]\n|-miss|p1a: Vileplume|p2a: Thundurus\n|\n|-heal|p1a: Vileplume|171/263|[from] item: Black Sludge\n|-damage|p2a: Thundurus|194/258 tox|[from] psn\n|upkeep\n|turn|11\n|\n|t:|1684322625\n|switch|p1a: Duraludon|Duraludon, L84, M|98/255 frz\n|move|p2a: Thundurus|Psychic|p1a: Duraludon\n|-resisted|p1a: Duraludon\n|-damage|p1a: Duraludon|58/255 frz\n|\n|-damage|p2a: Thundurus|162/258 tox|[from] psn\n|upkeep\n|turn|12\n|\n|t:|1684322635\n|move|p2a: Thundurus|Focus Blast|p1a: Duraludon\n|-supereffective|p1a: Duraludon\n|-damage|p1a: Duraludon|0 fnt\n|faint|p1a: Duraludon\n|\n|-damage|p2a: Thundurus|114/258 tox|[from] psn\n|upkeep\n|inactive|Sparna_of_Yomi has 120 seconds left.\n|\n|t:|1684322673\n|switch|p1a: Weezing|Weezing-Galar, L86, M|252/252\n|-ability|p1a: Weezing|Neutralizing Gas\n|turn|13\n|inactive|Sparna_of_Yomi has 120 seconds left.\n|\n|t:|1684322680\n|move|p2a: Thundurus|Psychic|p1a: Weezing\n|-supereffective|p1a: Weezing\n|-damage|p1a: Weezing|64/252\n|move|p1a: Weezing|Sludge Bomb|p2a: Thundurus\n|-damage|p2a: Thundurus|14/258 tox\n|\n|-heal|p1a: Weezing|79/252|[from] item: Black Sludge\n|-damage|p2a: Thundurus|0 fnt|[from] psn\n|faint|p2a: Thundurus\n|upkeep\n|\n|t:|1684322694\n|switch|p2a: Hydreigon|Hydreigon, L80, F|278/278\n|turn|14\n|\n|t:|1684322698\n|move|p2a: Hydreigon|Flash Cannon|p1a: Weezing\n|-supereffective|p1a: Weezing\n|-damage|p1a: Weezing|0 fnt\n|faint|p1a: Weezing\n|-end|p1a: Weezing|ability: Neutralizing Gas\n|\n|upkeep\n|\n|t:|1684322707\n|switch|p1a: Vileplume|Vileplume, L84, M|171/263\n|turn|15\n|\n|t:|1684322718\n|switch|p2a: Vanilluxe|Vanilluxe, L82, M|236/251 tox\n|-weather|Hail|[from] ability: Snow Warning|[of] p2a: Vanilluxe\n|move|p1a: Vileplume|Sludge Bomb|p2a: Vanilluxe\n|-damage|p2a: Vanilluxe|130/251 tox\n|\n|-weather|Hail|[upkeep]\n|-damage|p1a: Vileplume|155/263|[from] Hail\n|-heal|p1a: Vileplume|171/263|[from] item: Black Sludge\n|-damage|p2a: Vanilluxe|115/251 tox|[from] psn\n|upkeep\n|turn|16\n|\n|t:|1684322725\n|move|p2a: Vanilluxe|Blizzard|p1a: Vileplume\n|-supereffective|p1a: Vileplume\n|-damage|p1a: Vileplume|0 fnt\n|faint|p1a: Vileplume\n|\n|-weather|Hail|[upkeep]\n|-damage|p2a: Vanilluxe|85/251 tox|[from] psn\n|upkeep\n|\n|t:|1684322728\n|switch|p1a: Kyurem|Kyurem-Black, L73|303/303\n|-ability|p1a: Kyurem|Teravolt\n|turn|17\n|\n|t:|1684322752\n|move|p1a: Kyurem|Dragon Dance|p1a: Kyurem\n|-boost|p1a: Kyurem|atk|1\n|-boost|p1a: Kyurem|spe|1\n|move|p2a: Vanilluxe|Flash Cannon|p1a: Kyurem\n|-supereffective|p1a: Kyurem\n|-damage|p1a: Kyurem|171/303\n|\n|-weather|Hail|[upkeep]\n|-damage|p2a: Vanilluxe|40/251 tox|[from] psn\n|upkeep\n|turn|18\n|\n|t:|1684322763\n|move|p1a: Kyurem|Fusion Bolt|p2a: Vanilluxe\n|-damage|p2a: Vanilluxe|0 fnt\n|faint|p2a: Vanilluxe\n|\n|-weather|Hail|[upkeep]\n|upkeep\n|\n|t:|1684322787\n|switch|p2a: Shiinotic|Shiinotic, L86, F|243/243\n|turn|19\n|\n|t:|1684322793\n|-start|p1a: Kyurem|Dynamax|\n|-heal|p1a: Kyurem|342/606|[silent]\n|move|p1a: Kyurem|Max Hailstorm|p2a: Shiinotic\n|-supereffective|p2a: Shiinotic\n|-damage|p2a: Shiinotic|0 fnt\n|faint|p2a: Shiinotic\n|\n|-weather|none\n|upkeep\n|\n|t:|1684322801\n|switch|p2a: Lapras|Lapras, L86, M|363/363\n|turn|20\n|\n|t:|1684322805\n|-start|p2a: Lapras|Dynamax|Gmax\n|-heal|p2a: Lapras|726/726|[silent]\n|move|p2a: Lapras|Max Guard|p2a: Lapras\n|-singleturn|p2a: Lapras|Max Guard\n|move|p1a: Kyurem|Max Lightning|p2a: Lapras\n|-activate|p2a: Lapras|move: Max Guard\n|\n|upkeep\n|turn|21\n|\n|t:|1684322809\n|move|p1a: Kyurem|Max Lightning|p2a: Lapras\n|-supereffective|p2a: Lapras\n|-damage|p2a: Lapras|398/726\n|-fieldstart|move: Electric Terrain\n|move|p2a: Lapras|G-Max Resonance|p1a: Kyurem\n|-damage|p1a: Kyurem|186/606\n|-sidestart|p2: elduo|move: Aurora Veil\n|\n|-heal|p2a: Lapras|420/726|[from] item: Leftovers\n|upkeep\n|-end|p1a: Kyurem|Dynamax\n|-heal|p1a: Kyurem|93/303|[silent]\n|turn|22\n|\n|t:|1684322825\n|move|p1a: Kyurem|Fusion Bolt|p2a: Lapras\n|-supereffective|p2a: Lapras\n|-damage|p2a: Lapras|254/726\n|move|p2a: Lapras|G-Max Resonance|p1a: Kyurem\n|-damage|p1a: Kyurem|0 fnt\n|faint|p1a: Kyurem\n|\n|-heal|p2a: Lapras|276/726|[from] item: Leftovers\n|upkeep\n|\n|t:|1684322828\n|switch|p1a: Slurpuff|Slurpuff, L80, M|262/262\n|-end|p2a: Lapras|Dynamax\n|-heal|p2a: Lapras|138/363|[silent]\n|turn|23\n|\n|t:|1684322834\n|move|p1a: Slurpuff|Belly Drum|p1a: Slurpuff\n|-damage|p1a: Slurpuff|131/262\n|-setboost|p1a: Slurpuff|atk|6|[from] move: Belly Drum\n|-enditem|p1a: Slurpuff|Sitrus Berry|[eat]\n|-heal|p1a: Slurpuff|196/262|[from] item: Sitrus Berry\n|move|p2a: Lapras|Toxic|p1a: Slurpuff\n|-status|p1a: Slurpuff|tox\n|\n|-heal|p2a: Lapras|160/363|[from] item: Leftovers\n|-damage|p1a: Slurpuff|180/262 tox|[from] psn\n|upkeep\n|turn|24\n|\n|t:|1684322838\n|move|p2a: Lapras|Protect|p2a: Lapras\n|-singleturn|p2a: Lapras|Protect\n|move|p1a: Slurpuff|Drain Punch|p2a: Lapras\n|-activate|p2a: Lapras|move: Protect\n|\n|-heal|p2a: Lapras|182/363|[from] item: Leftovers\n|-damage|p1a: Slurpuff|148/262 tox|[from] psn\n|upkeep\n|turn|25\n|\n|t:|1684322845\n|move|p2a: Lapras|Protect|p2a: Lapras\n|-singleturn|p2a: Lapras|Protect\n|move|p1a: Slurpuff|Drain Punch|p2a: Lapras\n|-activate|p2a: Lapras|move: Protect\n|\n|-heal|p2a: Lapras|204/363|[from] item: Leftovers\n|-damage|p1a: Slurpuff|100/262 tox|[from] psn\n|-sideend|p2: elduo|move: Aurora Veil\n|-fieldend|move: Electric Terrain\n|upkeep\n|turn|26\n|\n|t:|1684322851\n|move|p1a: Slurpuff|Drain Punch|p2a: Lapras\n|-supereffective|p2a: Lapras\n|-damage|p2a: Lapras|0 fnt\n|-heal|p1a: Slurpuff|202/262 tox|[from] drain|[of] p2a: Lapras\n|faint|p2a: Lapras\n|\n|-damage|p1a: Slurpuff|138/262 tox|[from] psn\n|upkeep\n|\n|t:|1684322861\n|switch|p2a: Milotic|Milotic, L82, M|212/290\n|turn|27\n|\n|t:|1684322865\n|move|p1a: Slurpuff|Play Rough|p2a: Milotic\n|-damage|p2a: Milotic|0 fnt\n|faint|p2a: Milotic\n|\n|-damage|p1a: Slurpuff|58/262 tox|[from] psn\n|upkeep\n|c|\u2606Sparna_of_Yomi|gg\n|\n|t:|1684322878\n|switch|p2a: Hydreigon|Hydreigon, L80, F|278/278\n|turn|28\n|l| 6hf4d\n|\n|t:|1684322892\n|move|p1a: Slurpuff|Drain Punch|p2a: Hydreigon\n|-supereffective|p2a: Hydreigon\n|-damage|p2a: Hydreigon|0 fnt\n|-heal|p1a: Slurpuff|197/262 tox|[from] drain|[of] p2a: Hydreigon\n|faint|p2a: Hydreigon\n|\n|win|Sparna_of_Yomi\n|raw|Sparna_of_Yomi's rating: 1452 &rarr; <strong>1471</strong><br />(+19 for winning)\n|raw|elduo's rating: 1440 &rarr; <strong>1421</strong><br />(-19 for losing)\n", "inputlog": ">version 3f967b429d9dd76d8eb692efdd7dfe9038092d20\n>start {\"formatid\":\"gen8randombattle\",\"seed\":[43897,14883,8186,1275],\"rated\":\"Rated battle\"}\n>player p1 {\"name\":\"Sparna_of_Yomi\",\"avatar\":\"blackbelt\",\"rating\":1452,\"seed\":[16767,50444,58086,56081]}\n>player p2 {\"name\":\"elduo\",\"avatar\":\"1\",\"rating\":1416,\"seed\":[19529,2877,18588,12446]}\n>p1 move toxic\n>p2 move psychic\n>p1 move roost\n>p2 move psychic\n>p1 move roost\n>p2 switch 3\n>p1 move toxic\n>p2 move blizzard\n>p1 switch 4\n>p1 move flashcannon\n>p2 switch 4\n>p1 move thunderbolt\n>p2 move icebeam\n>p1 move thunderbolt\n>p2 move icebeam\n>p1 move bodypress\n>p2 move recover\n>p1 switch 2\n>p2 move icebeam\n>p1 move sleeppowder\n>p2 switch 3\n>p1 switch 2\n>p2 move psychic\n>p1 move flashcannon\n>p2 move focusblast\n>p1 switch 3\n>p1 move sludgebomb\n>p2 move psychic\n>p2 switch 5\n>p1 move strangesteam\n>p2 move flashcannon\n>p1 switch 2\n>p1 move sludgebomb\n>p2 switch 4\n>p1 move sludgebomb\n>p2 move blizzard\n>p1 switch 6\n>p1 move dragondance\n>p2 move flashcannon\n>p1 move fusionbolt\n>p2 move flashcannon\n>p2 switch 2\n>p1 move iciclespear dynamax\n>p2 move spore\n>p2 switch 6\n>p1 move fusionbolt dynamax\n>p2 move protect dynamax\n>p1 move fusionbolt dynamax\n>p2 move icebeam dynamax\n>p1 move fusionbolt\n>p2 move icebeam dynamax\n>p1 switch 5\n>p1 move bellydrum\n>p2 move toxic\n>p1 move drainpunch\n>p2 move protect\n>p1 move drainpunch\n>p2 move protect\n>p1 move drainpunch\n>p2 move sparklingaria\n>p2 switch 3\n>p1 move playrough\n>p2 move scald\n>chat \u2606Sparna_of_Yomi|gg\n>p2 switch 4\n>p1 move drainpunch\n>p2 move flashcannon", "uploadtime": 1684322896, "views": 3, "p1id": "sparnaofyomi", "p2id": "elduo", "formatid": "gen8randombattle", "rating": 1421, "private": 0, "password": ""}