{"id": "gen8randombattle-1865730278", "p1": "Delphox23102008", "p2": "PaperDonut", "format": "[Gen 8] Random Battle", "log": "|j|\u2606Delphox23102008\n|j|\u2606PaperDonut\n|t:|1684332708\n|gametype|singles\n|player|p1|Delphox23102008|az|\n|player|p2|PaperDonut|hilbert-wonderlauncher|\n|teamsize|p1|6\n|teamsize|p2|6\n|gen|8\n|tier|[Gen 8] Random Battle\n|rule|Species Clause: Limit one of each Pok\u00e9mon\n|rule|HP Percentage Mod: HP is shown in percentages\n|rule|Sleep Clause Mod: Limit one foe put to sleep\n|\n|t:|1684332708\n|start\n|switch|p1a: Chandelure|Chandelure, L82, M|233/233\n|switch|p2a: Throh|Throh, L86, M|347/347\n|turn|1\n|inactive|Battle timer is ON: inactive players will automatically lose when time's up. (requested by Delphox23102008)\n|\n|t:|1684332722\n|move|p1a: Chandelure|Calm Mind|p1a: Chandelure\n|-boost|p1a: Chandelure|spa|1\n|-boost|p1a: Chandelure|spd|1\n|move|p2a: Throh|Bulk Up|p2a: Throh\n|-boost|p2a: Throh|atk|1\n|-boost|p2a: Throh|def|1\n|\n|-status|p2a: Throh|brn|[from] item: Flame Orb\n|upkeep\n|turn|2\n|\n|t:|1684332750\n|move|p1a: Chandelure|Fire Blast|p2a: Throh\n|-damage|p2a: Throh|125/347 brn\n|move|p2a: Throh|Storm Throw|p1a: Chandelure\n|-immune|p1a: Chandelure\n|\n|-damage|p2a: Throh|104/347 brn|[from] brn\n|upkeep\n|turn|3\n|\n|t:|1684332766\n|move|p1a: Chandelure|Shadow Ball|p2a: Throh\n|-damage|p2a: Throh|0 fnt\n|faint|p2a: Throh\n|\n|upkeep\n|\n|t:|1684332773\n|switch|p2a: Audino|Audino, L91, M|335/335\n|turn|4\n|\n|t:|1684332782\n|move|p1a: Chandelure|Calm Mind|p1a: Chandelure\n|-boost|p1a: Chandelure|spa|1\n|-boost|p1a: Chandelure|spd|1\n|move|p2a: Audino|Toxic|p1a: Chandelure\n|-status|p1a: Chandelure|tox\n|\n|-damage|p1a: Chandelure|219/233 tox|[from] psn\n|upkeep\n|turn|5\n|\n|t:|1684332792\n|move|p1a: Chandelure|Fire Blast|p2a: Audino\n|-damage|p2a: Audino|40/335\n|move|p2a: Audino|Knock Off|p1a: Chandelure\n|-supereffective|p1a: Chandelure\n|-damage|p1a: Chandelure|101/233 tox\n|-enditem|p1a: Chandelure|Heavy-Duty Boots|[from] move: Knock Off|[of] p2a: Audino\n|\n|-heal|p2a: Audino|60/335|[from] item: Leftovers\n|-damage|p1a: Chandelure|73/233 tox|[from] psn\n|upkeep\n|turn|6\n|\n|t:|1684332804\n|move|p2a: Audino|Protect|p2a: Audino\n|-singleturn|p2a: Audino|Protect\n|move|p1a: Chandelure|Energy Ball|p2a: Audino\n|-activate|p2a: Audino|move: Protect\n|\n|-heal|p2a: Audino|80/335|[from] item: Leftovers\n|-damage|p1a: Chandelure|31/233 tox|[from] psn\n|upkeep\n|turn|7\n|\n|t:|1684332815\n|move|p2a: Audino|Protect||[still]\n|-fail|p2a: Audino\n|move|p1a: Chandelure|Energy Ball|p2a: Audino\n|-damage|p2a: Audino|0 fnt\n|faint|p2a: Audino\n|\n|-damage|p1a: Chandelure|0 fnt|[from] psn\n|faint|p1a: Chandelure\n|upkeep\n|\n|t:|1684332827\n|switch|p1a: Indeedee|Indeedee, L83, M|235/235\n|switch|p2a: Primarina|Primarina, L82, M|265/265\n|-fieldstart|move: Psychic Terrain|[from] ability: Psychic Surge|[of] p1a: Indeedee\n|turn|8\n|\n|t:|1684332836\n|move|p1a: Indeedee|Trick|p2a: Primarina\n|-activate|p1a: Indeedee|move: Trick|[of] p2a: Primarina\n|-item|p2a: Primarina|Choice Scarf|[from] move: Trick\n|-item|p1a: Indeedee|Choice Scarf|[from] move: Trick\n|move|p2a: Primarina|Hydro Pump|p1a: Indeedee\n|-damage|p1a: Indeedee|111/235\n|\n|upkeep\n|turn|9\n|\n|t:|1684332845\n|switch|p1a: Dracovish|Dracovish, L80|275/275\n|move|p2a: Primarina|Hydro Pump|p1a: Dracovish\n|-resisted|p1a: Dracovish\n|-damage|p1a: Dracovish|235/275\n|\n|upkeep\n|turn|10\n|\n|t:|1684332860\n|switch|p2a: Tornadus|Tornadus, L80, M|258/258\n|-start|p1a: Dracovish|Dynamax|\n|-heal|p1a: Dracovish|470/550|[silent]\n|move|p1a: Dracovish|Max Knuckle|p2a: Tornadus\n|-resisted|p2a: Tornadus\n|-damage|p2a: Tornadus|218/258\n|-boost|p1a: Dracovish|atk|1\n|\n|upkeep\n|turn|11\n|\n|t:|1684332882\n|move|p2a: Tornadus|Hurricane|p1a: Dracovish|[miss]\n|-miss|p2a: Tornadus|p1a: Dracovish\n|move|p1a: Dracovish|Max Geyser|p2a: Tornadus\n|-damage|p2a: Tornadus|11/258\n|-weather|RainDance\n|\n|-weather|RainDance|[upkeep]\n|upkeep\n|turn|12\n|\n|t:|1684332891\n|move|p2a: Tornadus|Hurricane|p1a: Dracovish\n|-damage|p1a: Dracovish|325/550\n|move|p1a: Dracovish|Max Knuckle|p2a: Tornadus\n|-resisted|p2a: Tornadus\n|-damage|p2a: Tornadus|0 fnt\n|-boost|p1a: Dracovish|atk|1\n|faint|p2a: Tornadus\n|\n|-weather|RainDance|[upkeep]\n|-fieldend|move: Psychic Terrain\n|upkeep\n|\n|t:|1684332907\n|switch|p2a: Primarina|Primarina, L82, M|265/265\n|-end|p1a: Dracovish|Dynamax\n|-heal|p1a: Dracovish|163/275|[silent]\n|turn|13\n|\n|t:|1684332920\n|move|p2a: Primarina|Hydro Pump|p1a: Dracovish\n|-resisted|p1a: Dracovish\n|-damage|p1a: Dracovish|101/275\n|move|p1a: Dracovish|Fishious Rend|p2a: Primarina\n|-resisted|p2a: Primarina\n|-damage|p2a: Primarina|0 fnt\n|faint|p2a: Primarina\n|\n|-weather|RainDance|[upkeep]\n|upkeep\n|\n|t:|1684332929\n|switch|p2a: Grimmsnarl|Grimmsnarl, L82, M|290/290\n|turn|14\n|\n|t:|1684332944\n|move|p1a: Dracovish|Fishious Rend|p2a: Grimmsnarl\n|-damage|p2a: Grimmsnarl|0 fnt\n|faint|p2a: Grimmsnarl\n|\n|-weather|RainDance|[upkeep]\n|upkeep\n|\n|t:|1684332949\n|switch|p2a: Solgaleo|Solgaleo, L72|316/316\n|turn|15\n|inactive|PaperDonut has 270 seconds left.\n|\n|t:|1684332971\n|-start|p2a: Solgaleo|Dynamax|\n|-heal|p2a: Solgaleo|632/632|[silent]\n|move|p2a: Solgaleo|Max Flare|p1a: Dracovish\n|-resisted|p1a: Dracovish\n|-damage|p1a: Dracovish|90/275\n|-weather|SunnyDay\n|move|p1a: Dracovish|Fishious Rend|p2a: Solgaleo\n|-damage|p2a: Solgaleo|454/632\n|\n|-weather|SunnyDay|[upkeep]\n|upkeep\n|turn|16\n|inactive|PaperDonut has 270 seconds left.\n|\n|t:|1684332986\n|move|p2a: Solgaleo|Max Steelspike|p1a: Dracovish\n|-resisted|p1a: Dracovish\n|-damage|p1a: Dracovish|30/275\n|-boost|p2a: Solgaleo|def|1\n|move|p1a: Dracovish|Fishious Rend|p2a: Solgaleo\n|-damage|p2a: Solgaleo|337/632\n|\n|-weather|SunnyDay|[upkeep]\n|upkeep\n|turn|17\n|inactive|PaperDonut has 270 seconds left.\n|\n|t:|1684332995\n|move|p2a: Solgaleo|Max Darkness|p1a: Dracovish\n|-damage|p1a: Dracovish|0 fnt\n|faint|p1a: Dracovish\n|\n|-weather|SunnyDay|[upkeep]\n|upkeep\n|\n|t:|1684333001\n|switch|p1a: Indeedee|Indeedee, L83, M|111/235\n|-fieldstart|move: Psychic Terrain|[from] ability: Psychic Surge|[of] p1a: Indeedee\n|-end|p2a: Solgaleo|Dynamax\n|-heal|p2a: Solgaleo|169/316|[silent]\n|turn|18\n|\n|t:|1684333012\n|move|p1a: Indeedee|Mystical Fire|p2a: Solgaleo\n|-supereffective|p2a: Solgaleo\n|-damage|p2a: Solgaleo|0 fnt\n|faint|p2a: Solgaleo\n|\n|win|Delphox23102008\n", "inputlog": ">version 3f967b429d9dd76d8eb692efdd7dfe9038092d20\n>start {\"formatid\":\"gen8randombattle\",\"seed\":[51451,53318,65033,34342]}\n>player p1 {\"name\":\"Delphox23102008\",\"avatar\":\"az\",\"rating\":0,\"seed\":[39578,30770,10151,29097]}\n>player p2 {\"name\":\"PaperDonut\",\"avatar\":\"hilbert-wonderlauncher\",\"rating\":0,\"seed\":[16388,7716,12878,46312]}\n>p1 move calmmind\n>p2 move bulkup\n>p1 move fireblast\n>p2 move stormthrow\n>p1 move shadowball\n>p2 move icepunch\n>p2 switch 3\n>p1 move calmmind\n>p2 move toxic\n>p1 move fireblast\n>p2 move knockoff\n>p1 move energyball\n>p2 move protect\n>p1 move energyball\n>p2 move protect\n>p1 switch 3\n>p2 switch 4\n>p1 move trick\n>p2 move hydropump\n>p1 switch 5\n>p2 move hydropump\n>p1 move lowkick dynamax\n>p2 switch 2\n>p1 move fishiousrend dynamax\n>p2 move hurricane\n>p1 move lowkick dynamax\n>p2 move hurricane\n>p2 switch 2\n>p1 move fishiousrend\n>p2 move hydropump\n>p2 switch 5\n>p1 move fishiousrend\n>p2 move playrough\n>p2 switch 6\n>p1 move fishiousrend\n>p2 move flareblitz dynamax\n>p1 move fishiousrend\n>p2 move sunsteelstrike dynamax\n>p1 move fishiousrend\n>p2 move knockoff dynamax\n>p1 switch 5\n>p1 move mysticalfire\n>p2 move closecombat", "uploadtime": 1684333020, "views": 5, "p1id": "delphox23102008", "p2id": "paperdonut", "formatid": "gen8randombattle", "rating": 0, "private": 0, "password": ""}