{"id": "gen8randombattle-1874747728", "p1": "joejoemamamamajoe", "p2": "Davi Lima BR", "format": "[Gen 8] Random Battle", "log": "|j|\u2606joejoemamamamajoe\n|j|\u2606Davi Lima BR\n|t:|1685537134\n|gametype|singles\n|player|p1|joejoemamamamajoe|benga|1134\n|player|p2|Davi Lima BR|veteran|1161\n|teamsize|p1|6\n|teamsize|p2|6\n|gen|8\n|tier|[Gen 8] Random Battle\n|rated|\n|rule|Species Clause: Limit one of each Pok\u00e9mon\n|rule|HP Percentage Mod: HP is shown in percentages\n|rule|Sleep Clause Mod: Limit one foe put to sleep\n|\n|t:|1685537134\n|start\n|switch|p1a: Vaporeon|Vaporeon, L84, F|356/356\n|switch|p2a: Stunfisk|Stunfisk-Galar, L84, F|320/320\n|turn|1\n|j| MinatoUzxmaki\n|\n|t:|1685537170\n|move|p1a: Vaporeon|Scald|p2a: Stunfisk\n|-supereffective|p2a: Stunfisk\n|-damage|p2a: Stunfisk|138/320\n|move|p2a: Stunfisk|Thunder Wave|p1a: Vaporeon\n|-status|p1a: Vaporeon|par\n|\n|-heal|p2a: Stunfisk|158/320|[from] item: Leftovers\n|upkeep\n|turn|2\n|\n|t:|1685537180\n|move|p2a: Stunfisk|Stealth Rock|p1a: Vaporeon\n|-sidestart|p1: joejoemamamamajoe|move: Stealth Rock\n|move|p1a: Vaporeon|Scald|p2a: Stunfisk\n|-supereffective|p2a: Stunfisk\n|-damage|p2a: Stunfisk|0 fnt\n|faint|p2a: Stunfisk\n|\n|upkeep\n|c| MinatoUzxmaki|YIPPEY\n|c| MinatoUzxmaki|WAAAHOOO\n|c|\u2606joejoemamamamajoe|YIPEEEEEEEEEEEEEEEEEE\n|c|\u2606joejoemamamamajoe|WAHOOO\n|c| MinatoUzxmaki|KAIHEEE\n|\n|t:|1685537204\n|switch|p2a: Octillery|Octillery, L86, F|269/269\n|turn|3\n|c|\u2606joejoemamamamajoe|YEAHO\n|\n|t:|1685537227\n|switch|p1a: Frosmoth|Frosmoth, L82, F|249/249\n|move|p2a: Octillery|Energy Ball|p1a: Frosmoth\n|-resisted|p1a: Frosmoth\n|-damage|p1a: Frosmoth|227/249\n|-damage|p2a: Octillery|243/269|[from] item: Life Orb\n|\n|-ability|p2a: Octillery|Moody|boost\n|-boost|p2a: Octillery|spa|2\n|-unboost|p2a: Octillery|atk|1\n|upkeep\n|turn|4\n|\n|t:|1685537240\n|move|p1a: Frosmoth|Giga Drain|p2a: Octillery\n|-supereffective|p2a: Octillery\n|-damage|p2a: Octillery|95/269\n|-heal|p1a: Frosmoth|249/249|[from] drain|[of] p2a: Octillery\n|move|p2a: Octillery|Gunk Shot|p1a: Frosmoth\n|-damage|p1a: Frosmoth|132/249\n|-damage|p2a: Octillery|69/269|[from] item: Life Orb\n|\n|-ability|p2a: Octillery|Moody|boost\n|-boost|p2a: Octillery|spe|2\n|-unboost|p2a: Octillery|spa|1\n|upkeep\n|turn|5\n|c|\u2606joejoemamamamajoe|i hate moody\n|\n|t:|1685537261\n|switch|p2a: Victini|Victini, L78|283/283\n|move|p1a: Frosmoth|Giga Drain|p2a: Victini\n|-resisted|p2a: Victini\n|-damage|p2a: Victini|264/283\n|-heal|p1a: Frosmoth|142/249|[from] drain|[of] p2a: Victini\n|\n|upkeep\n|turn|6\n|\n|t:|1685537273\n|switch|p1a: Vaporeon|Vaporeon, L84, F|356/356 par\n|-damage|p1a: Vaporeon|312/356 par|[from] Stealth Rock\n|move|p2a: Victini|Energy Ball|p1a: Vaporeon\n|-supereffective|p1a: Vaporeon\n|-damage|p1a: Vaporeon|210/356 par\n|\n|-heal|p1a: Vaporeon|232/356 par|[from] item: Leftovers\n|upkeep\n|turn|7\n|c| MinatoUzxmaki|hmm seems like your in a dilemma\n|\n|t:|1685537282\n|switch|p2a: Octillery|Octillery, L86, F|69/269\n|cant|p1a: Vaporeon|par\n|\n|-heal|p1a: Vaporeon|254/356 par|[from] item: Leftovers\n|-ability|p2a: Octillery|Moody|boost\n|-boost|p2a: Octillery|spa|2\n|-unboost|p2a: Octillery|atk|1\n|upkeep\n|turn|8\n|c|\u2606joejoemamamamajoe|bruh\n|\n|t:|1685537297\n|cant|p1a: Vaporeon|par\n|move|p2a: Octillery|Gunk Shot|p1a: Vaporeon\n|-damage|p1a: Vaporeon|153/356 par\n|-damage|p2a: Octillery|43/269|[from] item: Life Orb\n|\n|-heal|p1a: Vaporeon|175/356 par|[from] item: Leftovers\n|-ability|p2a: Octillery|Moody|boost\n|-boost|p2a: Octillery|spe|2\n|-unboost|p2a: Octillery|atk|1\n|upkeep\n|turn|9\n|c|\u2606joejoemamamamajoe|bruh\n|\n|t:|1685537310\n|switch|p1a: Frosmoth|Frosmoth, L82, F|142/249\n|move|p2a: Octillery|Gunk Shot|p1a: Frosmoth\n|-damage|p1a: Frosmoth|64/249\n|-damage|p2a: Octillery|17/269|[from] item: Life Orb\n|\n|-ability|p2a: Octillery|Moody|boost\n|-boost|p2a: Octillery|spd|2\n|-unboost|p2a: Octillery|spe|1\n|upkeep\n|turn|10\n|\n|t:|1685537320\n|switch|p1a: Vaporeon|Vaporeon, L84, F|175/356 par\n|-damage|p1a: Vaporeon|131/356 par|[from] Stealth Rock\n|move|p2a: Octillery|Gunk Shot|p1a: Vaporeon\n|-damage|p1a: Vaporeon|44/356 par\n|-damage|p2a: Octillery|0 fnt|[from] item: Life Orb\n|faint|p2a: Octillery\n|\n|-heal|p1a: Vaporeon|66/356 par|[from] item: Leftovers\n|upkeep\n|\n|t:|1685537330\n|switch|p2a: Victini|Victini, L78|264/283\n|turn|11\n|c|\u2606joejoemamamamajoe|i swear this game suck ass\n|c|\u2606joejoemamamamajoe|really?\n|c|\u2606joejoemamamamajoe|stunned for that many turns?\n|c| MinatoUzxmaki|bolt strike\n|\n|t:|1685537349\n|move|p2a: Victini|Energy Ball|p1a: Vaporeon\n|-supereffective|p1a: Vaporeon\n|-damage|p1a: Vaporeon|0 fnt\n|faint|p1a: Vaporeon\n|\n|upkeep\n|c| MinatoUzxmaki|hmm\n|c| MinatoUzxmaki|ggggggggg\n|\n|t:|1685537374\n|switch|p1a: Rhyperior|Rhyperior, L82, F|323/323\n|-damage|p1a: Rhyperior|303/323|[from] Stealth Rock\n|turn|12\n|\n|t:|1685537386\n|switch|p1a: Frosmoth|Frosmoth, L82, F|64/249\n|move|p2a: Victini|Energy Ball|p1a: Frosmoth\n|-resisted|p1a: Frosmoth\n|-damage|p1a: Frosmoth|51/249\n|\n|upkeep\n|turn|13\n|\n|t:|1685537405\n|move|p2a: Victini|V-create|p1a: Frosmoth\n|-supereffective|p1a: Frosmoth\n|-damage|p1a: Frosmoth|0 fnt\n|-unboost|p2a: Victini|spe|1\n|-unboost|p2a: Victini|def|1\n|-unboost|p2a: Victini|spd|1\n|faint|p1a: Frosmoth\n|\n|upkeep\n|\n|t:|1685537427\n|switch|p1a: Urshifu|Urshifu, L76, F|277/277\n|-damage|p1a: Urshifu|260/277|[from] Stealth Rock\n|turn|14\n|\n|t:|1685537435\n|move|p1a: Urshifu|Wicked Blow|p2a: Victini\n|-supereffective|p2a: Victini\n|-crit|p2a: Victini\n|-damage|p2a: Victini|0 fnt\n|faint|p2a: Victini\n|\n|upkeep\n|c| MinatoUzxmaki|sheesh\n|c|\u2606joejoemamamamajoe|sheeshhhh\n|\n|t:|1685537455\n|switch|p2a: Genesect|Genesect, L74|227/227\n|-ability|p2a: Genesect|Download|boost\n|-boost|p2a: Genesect|spa|1\n|turn|15\n|\n|t:|1685537466\n|switch|p1a: Rhyperior|Rhyperior, L82, F|303/323\n|-damage|p1a: Rhyperior|283/323|[from] Stealth Rock\n|move|p2a: Genesect|Shift Gear|p2a: Genesect\n|-boost|p2a: Genesect|spe|2\n|-boost|p2a: Genesect|atk|1\n|\n|upkeep\n|turn|16\n|c| MinatoUzxmaki|...'\n|\n|t:|1685537477\n|move|p2a: Genesect|Iron Head|p1a: Rhyperior\n|-supereffective|p1a: Rhyperior\n|-damage|p1a: Rhyperior|111/323\n|-enditem|p1a: Rhyperior|Weakness Policy\n|-boost|p1a: Rhyperior|atk|2|[from] item: Weakness Policy\n|-boost|p1a: Rhyperior|spa|2|[from] item: Weakness Policy\n|-damage|p2a: Genesect|205/227|[from] item: Life Orb\n|move|p1a: Rhyperior|Fire Punch|p2a: Genesect\n|-supereffective|p2a: Genesect\n|-damage|p2a: Genesect|0 fnt\n|faint|p2a: Genesect\n|\n|upkeep\n|c|\u2606joejoemamamamajoe|lol\n|c|\u2606joejoemamamamajoe|trollolo\n|c| MinatoUzxmaki|....\n|\n|t:|1685537488\n|switch|p2a: Morpeko|Morpeko, L86, F|240/240\n|turn|17\n|\n|t:|1685537497\n|move|p2a: Morpeko|Foul Play|p1a: Rhyperior\n|-damage|p1a: Rhyperior|0 fnt\n|faint|p1a: Rhyperior\n|\n|-formechange|p2a: Morpeko|Morpeko-Hangry||[from] ability: Hunger Switch\n|upkeep\n|\n|t:|1685537512\n|switch|p1a: Lycanroc|Lycanroc, L80, F|251/251\n|-damage|p1a: Lycanroc|220/251|[from] Stealth Rock\n|turn|18\n|\n|t:|1685537532\n|move|p1a: Lycanroc|Swords Dance|p1a: Lycanroc\n|-boost|p1a: Lycanroc|atk|2\n|move|p2a: Morpeko|Aura Wheel|p1a: Lycanroc\n|-damage|p1a: Lycanroc|52/251\n|-boost|p2a: Morpeko|spe|1\n|\n|-formechange|p2a: Morpeko|Morpeko||[from] ability: Hunger Switch\n|upkeep\n|turn|19\n|c|\u2606joejoemamamamajoe|damn it\n|\n|t:|1685537545\n|move|p1a: Lycanroc|Accelerock|p2a: Morpeko\n|-damage|p2a: Morpeko|88/240\n|-damage|p1a: Lycanroc|27/251|[from] item: Life Orb\n|move|p2a: Morpeko|Aura Wheel|p1a: Lycanroc\n|-damage|p1a: Lycanroc|0 fnt\n|-boost|p2a: Morpeko|spe|1\n|faint|p1a: Lycanroc\n|\n|-heal|p2a: Morpeko|103/240|[from] item: Leftovers\n|-formechange|p2a: Morpeko|Morpeko-Hangry||[from] ability: Hunger Switch\n|upkeep\n|\n|t:|1685537549\n|switch|p1a: Urshifu|Urshifu, L76, F|260/277\n|-damage|p1a: Urshifu|243/277|[from] Stealth Rock\n|turn|20\n|\n|t:|1685537566\n|move|p2a: Morpeko|Aura Wheel|p1a: Urshifu\n|-resisted|p1a: Urshifu\n|-damage|p1a: Urshifu|210/277\n|-boost|p2a: Morpeko|spe|1\n|move|p1a: Urshifu|Close Combat|p2a: Morpeko\n|-supereffective|p2a: Morpeko\n|-damage|p2a: Morpeko|0 fnt\n|-unboost|p1a: Urshifu|def|1\n|-unboost|p1a: Urshifu|spd|1\n|faint|p2a: Morpeko\n|\n|upkeep\n|\n|t:|1685537577\n|switch|p2a: Glastrier|Glastrier, L82|298/298\n|turn|21\n|c|\u2606joejoemamamamajoe|WOAH\n|\n|t:|1685537595\n|switch|p1a: Bronzong|Bronzong, L83|247/247\n|-damage|p1a: Bronzong|232/247|[from] Stealth Rock\n|-start|p2a: Glastrier|Dynamax|\n|-heal|p2a: Glastrier|596/596|[silent]\n|move|p2a: Glastrier|Max Knuckle|p1a: Bronzong\n|-damage|p1a: Bronzong|162/247\n|-boost|p2a: Glastrier|atk|1\n|\n|-heal|p1a: Bronzong|177/247|[from] item: Leftovers\n|upkeep\n|turn|22\n|c| MinatoUzxmaki|unfortunate\n|c|\u2606joejoemamamamajoe|CALM DOWN\n|\n|t:|1685537613\n|-start|p1a: Bronzong|Dynamax|\n|-heal|p1a: Bronzong|354/494|[silent]\n|move|p1a: Bronzong|Max Steelspike|p2a: Glastrier\n|-supereffective|p2a: Glastrier\n|-damage|p2a: Glastrier|416/596\n|-boost|p1a: Bronzong|def|1\n|move|p2a: Glastrier|Max Knuckle|p1a: Bronzong\n|-damage|p1a: Bronzong|283/494\n|-boost|p2a: Glastrier|atk|1\n|\n|-heal|p1a: Bronzong|298/494|[from] item: Leftovers\n|upkeep\n|turn|23\n|c| MinatoUzxmaki|hes about to swipe your team\n|c|\u2606joejoemamamamajoe|NO\n|-message|Davi Lima BR forfeited.\n|\n|win|joejoemamamamajoe\n|raw|joejoemamamamajoe's rating: 1134 &rarr; <strong>1161</strong><br />(+27 for winning)\n|raw|Davi Lima BR's rating: 1161 &rarr; <strong>1134</strong><br />(-27 for losing)\n", "inputlog": ">version d94486096666f9f03053a01e17a1c7fdbd408dfa\n>start {\"formatid\":\"gen8randombattle\",\"seed\":[51002,510,50610,19636],\"rated\":\"Rated battle\"}\n>player p1 {\"name\":\"joejoemamamamajoe\",\"avatar\":\"benga\",\"rating\":1134,\"seed\":[21447,25664,56984,7494]}\n>player p2 {\"name\":\"Davi Lima BR\",\"avatar\":\"veteran\",\"rating\":1161,\"seed\":[23738,15782,54830,49221]}\n>p1 move scald\n>p2 move thunderwave\n>p1 move scald\n>p2 move stealthrock\n>chat  MinatoUzxmaki|YIPPEY\n>chat  MinatoUzxmaki|WAAAHOOO\n>chat \u2606joejoemamamamajoe|YIPEEEEEEEEEEEEEEEEEE\n>chat \u2606joejoemamamamajoe|WAHOOO\n>chat  MinatoUzxmaki|KAIHEEE\n>p2 switch 2\n>chat \u2606joejoemamamamajoe|YEAHO\n>p1 switch 3\n>p2 move energyball\n>p1 move gigadrain\n>p2 move gunkshot\n>chat \u2606joejoemamamamajoe|i hate moody\n>p1 move gigadrain\n>p2 switch 3\n>p1 switch 3\n>p2 move energyball\n>chat  MinatoUzxmaki|hmm seems like your in a dilemma \n>p1 move healbell\n>p2 switch 3\n>chat \u2606joejoemamamamajoe|bruh\n>p1 move protect\n>p2 move gunkshot\n>chat \u2606joejoemamamamajoe|bruh\n>p1 switch 3\n>p2 move gunkshot\n>p1 switch 3\n>p2 move gunkshot\n>p2 switch 3\n>chat \u2606joejoemamamamajoe|i swear this game suck ass\n>chat \u2606joejoemamamamajoe|really?\n>chat \u2606joejoemamamamajoe|stunned for that many turns?\n>chat  MinatoUzxmaki|bolt strike\n>p1 move healbell\n>p2 move energyball\n>chat  MinatoUzxmaki|hmm\n>chat  MinatoUzxmaki|ggggggggg\n>p1 switch 4\n>p1 switch 3\n>p2 move energyball\n>p1 move hurricane\n>p2 move vcreate\n>p1 switch 2\n>p1 move wickedblow\n>p2 move uturn\n>chat  MinatoUzxmaki|sheesh\n>chat \u2606joejoemamamamajoe|sheeshhhh\n>p2 switch 6\n>p1 switch 3\n>p2 move shiftgear\n>chat  MinatoUzxmaki|...'\n>p1 move firepunch\n>p2 move ironhead\n>chat \u2606joejoemamamamajoe|lol\n>chat \u2606joejoemamamamajoe|trollolo\n>chat  MinatoUzxmaki|....\n>p2 switch 5\n>p1 move earthquake\n>p2 move foulplay\n>p1 switch 6\n>p1 move swordsdance\n>p2 move aurawheel\n>chat \u2606joejoemamamamajoe|damn it\n>p1 move accelerock\n>p2 move aurawheel\n>p1 switch 3\n>p1 move closecombat\n>p2 move aurawheel\n>p2 switch 4\n>chat \u2606joejoemamamamajoe|WOAH\n>p1 switch 5\n>p2 move closecombat dynamax\n>chat  MinatoUzxmaki|unfortunate\n>chat \u2606joejoemamamamajoe|CALM DOWN\n>p1 move ironhead dynamax\n>p2 move closecombat dynamax\n>chat  MinatoUzxmaki|hes about to swipe your team\n>chat \u2606joejoemamamamajoe|NO\n>forcelose p2", "uploadtime": 1685537334, "views": 3, "p1id": "joejoemamamamajoe", "p2id": "davilimabr", "formatid": "gen8randombattle", "rating": 1134, "private": 0, "password": ""}