{"id": "gen8randombattle-1865801295", "p1": "NPC_JaMa", "p2": "totallynotbgg", "format": "[Gen 8] Random Battle", "log": "|j|\u2606NPC_JaMa\n|j|\u2606totallynotbgg\n|t:|1684339228\n|gametype|singles\n|player|p1|NPC_JaMa|169|1149\n|player|p2|totallynotbgg|2|1125\n|teamsize|p1|6\n|teamsize|p2|6\n|gen|8\n|tier|[Gen 8] Random Battle\n|rated|\n|rule|Species Clause: Limit one of each Pok\u00e9mon\n|rule|HP Percentage Mod: HP is shown in percentages\n|rule|Sleep Clause Mod: Limit one foe put to sleep\n|\n|t:|1684339228\n|start\n|switch|p1a: Golduck|Golduck, L86, F|243/243\n|switch|p2a: Shuckle|Shuckle, L87, M|177/177\n|turn|1\n|inactive|Battle timer is ON: inactive players will automatically lose when time's up. (requested by NPC_JaMa)\n|\n|t:|1684339244\n|move|p1a: Golduck|Flamethrower|p2a: Shuckle\n|-damage|p2a: Shuckle|143/177\n|move|p2a: Shuckle|Sticky Web|p1a: Golduck\n|-sidestart|p1: NPC_JaMa|move: Sticky Web\n|\n|upkeep\n|turn|2\n|\n|t:|1684339271\n|move|p1a: Golduck|Flamethrower|p2a: Shuckle\n|-damage|p2a: Shuckle|107/177\n|move|p2a: Shuckle|Knock Off|p1a: Golduck\n|-resisted|p1a: Golduck\n|-damage|p1a: Golduck|229/243\n|replace|p1a: Zoroark|Zoroark, L86, M\n|-end|p1a: Zoroark|Illusion\n|-enditem|p1a: Zoroark|Focus Sash|[from] move: Knock Off|[of] p2a: Shuckle\n|\n|upkeep\n|turn|3\n|inactive|NPC_JaMa has 120 seconds left.\n|\n|t:|1684339290\n|move|p1a: Zoroark|Flamethrower|p2a: Shuckle\n|-damage|p2a: Shuckle|69/177\n|move|p2a: Shuckle|Stealth Rock|p1a: Zoroark\n|-sidestart|p1: NPC_JaMa|move: Stealth Rock\n|\n|upkeep\n|turn|4\n|\n|t:|1684339297\n|move|p1a: Zoroark|Flamethrower|p2a: Shuckle\n|-damage|p2a: Shuckle|37/177\n|move|p2a: Shuckle|Toxic|p1a: Zoroark\n|-status|p1a: Zoroark|tox\n|\n|-damage|p1a: Zoroark|214/243 tox|[from] psn\n|upkeep\n|turn|5\n|\n|t:|1684339304\n|move|p1a: Zoroark|Flamethrower|p2a: Shuckle\n|-damage|p2a: Shuckle|4/177\n|move|p2a: Shuckle|Knock Off|p1a: Zoroark\n|-resisted|p1a: Zoroark\n|-damage|p1a: Zoroark|204/243 tox\n|\n|-damage|p1a: Zoroark|174/243 tox|[from] psn\n|upkeep\n|turn|6\n|\n|t:|1684339314\n|move|p1a: Zoroark|Flamethrower|p2a: Shuckle\n|-damage|p2a: Shuckle|0 fnt\n|faint|p2a: Shuckle\n|\n|-damage|p1a: Zoroark|129/243 tox|[from] psn\n|upkeep\n|\n|t:|1684339323\n|switch|p2a: Talonflame|Talonflame, L81, F|259/259\n|turn|7\n|\n|t:|1684339346\n|switch|p1a: Golduck|Golduck, L86, F|278/278\n|-activate|p1a: Golduck|move: Sticky Web\n|-unboost|p1a: Golduck|spe|1\n|-damage|p1a: Golduck|244/278|[from] Stealth Rock\n|move|p2a: Talonflame|Brave Bird|p1a: Golduck\n|-damage|p1a: Golduck|139/278\n|-damage|p2a: Talonflame|224/259|[from] Recoil\n|\n|upkeep\n|turn|8\n|\n|t:|1684339359\n|move|p2a: Talonflame|Brave Bird|p1a: Golduck\n|-damage|p1a: Golduck|31/278\n|-damage|p2a: Talonflame|188/259|[from] Recoil\n|move|p1a: Golduck|Scald|p2a: Talonflame\n|-supereffective|p2a: Talonflame\n|-damage|p2a: Talonflame|0 fnt\n|faint|p2a: Talonflame\n|-damage|p1a: Golduck|4/278|[from] item: Life Orb\n|\n|upkeep\n|\n|t:|1684339365\n|switch|p2a: Polteageist|Polteageist, L78|222/222\n|turn|9\n|\n|t:|1684339373\n|move|p2a: Polteageist|Shell Smash|p2a: Polteageist\n|-unboost|p2a: Polteageist|def|1\n|-unboost|p2a: Polteageist|spd|1\n|-boost|p2a: Polteageist|atk|2\n|-boost|p2a: Polteageist|spa|2\n|-boost|p2a: Polteageist|spe|2\n|-enditem|p2a: Polteageist|White Herb\n|-clearnegativeboost|p2a: Polteageist|[silent]\n|move|p1a: Golduck|Psyshock|p2a: Polteageist\n|-damage|p2a: Polteageist|122/222\n|-damage|p1a: Golduck|0 fnt|[from] item: Life Orb\n|faint|p1a: Golduck\n|\n|upkeep\n|\n|t:|1684339388\n|switch|p1a: Giratina|Giratina-Origin, L86|129/243 tox\n|-activate|p1a: Giratina|move: Sticky Web\n|-unboost|p1a: Giratina|spe|1\n|-damage|p1a: Giratina|99/243 tox|[from] Stealth Rock\n|turn|10\n|\n|t:|1684339403\n|-start|p2a: Polteageist|Dynamax|\n|-heal|p2a: Polteageist|244/444|[silent]\n|move|p2a: Polteageist|Max Phantasm|p1a: Giratina\n|-resisted|p1a: Giratina\n|-damage|p1a: Giratina|0 fnt\n|replace|p1a: Zoroark|Zoroark, L86, M\n|-end|p1a: Zoroark|Illusion\n|faint|p1a: Zoroark\n|\n|upkeep\n|inactive|NPC_JaMa has 120 seconds left.\n|\n|t:|1684339420\n|switch|p1a: Aggron|Aggron, L85, F|258/258\n|-damage|p1a: Aggron|242/258|[from] Stealth Rock\n|-item|p1a: Aggron|Air Balloon\n|turn|11\n|inactive|NPC_JaMa has 120 seconds left.\n|\n|t:|1684339431\n|move|p2a: Polteageist|Max Phantasm|p1a: Aggron\n|-crit|p1a: Aggron\n|-damage|p1a: Aggron|0 fnt\n|-enditem|p1a: Aggron|Air Balloon\n|faint|p1a: Aggron\n|\n|upkeep\n|inactive|NPC_JaMa has 120 seconds left.\n|\n|t:|1684339441\n|switch|p1a: Giratina|Giratina-Origin, L74|344/344\n|-damage|p1a: Giratina|301/344|[from] Stealth Rock\n|turn|12\n|inactive|NPC_JaMa has 120 seconds left.\n|\n|t:|1684339461\n|-start|p1a: Giratina|Dynamax|\n|-heal|p1a: Giratina|602/688|[silent]\n|move|p1a: Giratina|Max Guard|p1a: Giratina\n|-singleturn|p1a: Giratina|Max Guard\n|move|p2a: Polteageist|Max Phantasm|p1a: Giratina\n|-activate|p1a: Giratina|move: Max Guard\n|\n|upkeep\n|-end|p2a: Polteageist|Dynamax\n|-heal|p2a: Polteageist|122/222|[silent]\n|turn|13\n|inactive|NPC_JaMa has 120 seconds left.\n|\n|t:|1684339477\n|move|p2a: Polteageist|Shadow Ball|p1a: Giratina\n|-supereffective|p1a: Giratina\n|-damage|p1a: Giratina|230/688\n|move|p1a: Giratina|Max Phantasm|p2a: Polteageist\n|-supereffective|p2a: Polteageist\n|-damage|p2a: Polteageist|0 fnt\n|faint|p2a: Polteageist\n|\n|upkeep\n|\n|t:|1684339485\n|switch|p2a: Beartic|Beartic, L86, F|303/303\n|turn|14\n|inactive|NPC_JaMa has 120 seconds left.\n|\n|t:|1684339498\n|move|p1a: Giratina|Max Wyrmwind|p2a: Beartic\n|-damage|p2a: Beartic|126/303\n|-unboost|p2a: Beartic|atk|1\n|move|p2a: Beartic|Icicle Crash|p1a: Giratina\n|-supereffective|p1a: Giratina\n|-damage|p1a: Giratina|0 fnt\n|faint|p1a: Giratina\n|\n|upkeep\n|\n|t:|1684339510\n|switch|p1a: Jirachi|Jirachi, L79|288/288\n|-activate|p1a: Jirachi|move: Sticky Web\n|-unboost|p1a: Jirachi|spe|1\n|-damage|p1a: Jirachi|270/288|[from] Stealth Rock\n|turn|15\n|\n|t:|1684339518\n|switch|p2a: Doublade|Doublade, L82, M|231/231\n|move|p1a: Jirachi|Fire Punch|p2a: Doublade\n|-supereffective|p2a: Doublade\n|-damage|p2a: Doublade|189/231\n|\n|-heal|p1a: Jirachi|288/288|[from] item: Leftovers\n|upkeep\n|turn|16\n|inactive|NPC_JaMa has 120 seconds left.\n|\n|t:|1684339529\n|move|p1a: Jirachi|U-turn|p2a: Doublade\n|-resisted|p2a: Doublade\n|-damage|p2a: Doublade|184/231\n|\n|t:|1684339533\n|switch|p1a: Espeon|Espeon, L82, M|241/241|[from] U-turn\n|-activate|p1a: Espeon|move: Sticky Web\n|-unboost|p1a: Espeon|spe|1\n|-damage|p1a: Espeon|211/241|[from] Stealth Rock\n|move|p2a: Doublade|Swords Dance|p2a: Doublade\n|-boost|p2a: Doublade|atk|2\n|\n|-heal|p1a: Espeon|226/241|[from] item: Leftovers\n|upkeep\n|turn|17\n|inactive|NPC_JaMa has 120 seconds left.\n|\n|t:|1684339548\n|move|p2a: Doublade|Shadow Sneak|p1a: Espeon\n|-supereffective|p1a: Espeon\n|-damage|p1a: Espeon|0 fnt\n|faint|p1a: Espeon\n|\n|upkeep\n|\n|t:|1684339552\n|switch|p1a: Jirachi|Jirachi, L79|288/288\n|-activate|p1a: Jirachi|move: Sticky Web\n|-unboost|p1a: Jirachi|spe|1\n|-damage|p1a: Jirachi|270/288|[from] Stealth Rock\n|turn|18\n|\n|t:|1684339562\n|move|p1a: Jirachi|Fire Punch|p2a: Doublade\n|-supereffective|p2a: Doublade\n|-damage|p2a: Doublade|138/231\n|-status|p2a: Doublade|brn\n|move|p2a: Doublade|Close Combat|p1a: Jirachi\n|-damage|p1a: Jirachi|186/288\n|-unboost|p2a: Doublade|def|1\n|-unboost|p2a: Doublade|spd|1\n|\n|-heal|p1a: Jirachi|204/288|[from] item: Leftovers\n|-damage|p2a: Doublade|124/231 brn|[from] brn\n|upkeep\n|turn|19\n|\n|t:|1684339576\n|move|p2a: Doublade|Shadow Sneak|p1a: Jirachi\n|-supereffective|p1a: Jirachi\n|-damage|p1a: Jirachi|117/288\n|move|p1a: Jirachi|Toxic||[still]\n|-fail|p1a: Jirachi\n|\n|-heal|p1a: Jirachi|135/288|[from] item: Leftovers\n|-damage|p2a: Doublade|110/231 brn|[from] brn\n|upkeep\n|turn|20\n|\n|t:|1684339584\n|move|p2a: Doublade|Shadow Sneak|p1a: Jirachi\n|-supereffective|p1a: Jirachi\n|-crit|p1a: Jirachi\n|-damage|p1a: Jirachi|11/288\n|move|p1a: Jirachi|Fire Punch|p2a: Doublade\n|-supereffective|p2a: Doublade\n|-damage|p2a: Doublade|44/231 brn\n|\n|-heal|p1a: Jirachi|29/288|[from] item: Leftovers\n|-damage|p2a: Doublade|30/231 brn|[from] brn\n|upkeep\n|turn|21\n|\n|t:|1684339594\n|move|p2a: Doublade|Shadow Sneak|p1a: Jirachi\n|-supereffective|p1a: Jirachi\n|-damage|p1a: Jirachi|0 fnt\n|faint|p1a: Jirachi\n|\n|win|totallynotbgg\n|raw|NPC_JaMa's rating: 1149 &rarr; <strong>1122</strong><br />(-27 for losing)\n|raw|totallynotbgg's rating: 1125 &rarr; <strong>1152</strong><br />(+27 for winning)\n", "inputlog": ">version 3f967b429d9dd76d8eb692efdd7dfe9038092d20\n>start {\"formatid\":\"gen8randombattle\",\"seed\":[48297,61108,4569,9598],\"rated\":\"Rated battle\"}\n>player p1 {\"name\":\"NPC_JaMa\",\"avatar\":\"169\",\"rating\":1149,\"seed\":[45540,54912,16108,17210]}\n>player p2 {\"name\":\"totallynotbgg\",\"avatar\":\"2\",\"rating\":1125,\"seed\":[16083,30884,35085,53104]}\n>p1 move flamethrower\n>p2 move stickyweb\n>p1 move flamethrower\n>p2 move knockoff\n>p1 move flamethrower\n>p2 move stealthrock\n>p1 move flamethrower\n>p2 move toxic\n>p1 move flamethrower\n>p2 move knockoff\n>p1 move flamethrower\n>p2 move knockoff\n>p2 switch 5\n>p1 switch 6\n>p2 move bravebird\n>p1 move scald\n>p2 move bravebird\n>p2 switch 4\n>p1 move psyshock\n>p2 move shellsmash\n>p1 switch 6\n>p1 move darkpulse\n>p2 move shadowball dynamax\n>p1 switch 2\n>p1 move headsmash\n>p2 move shadowball dynamax\n>p1 switch 5\n>p1 move honeclaws dynamax\n>p2 move shadowball dynamax\n>p1 move poltergeist dynamax\n>p2 move shadowball\n>p2 switch 6\n>p1 move outrage dynamax\n>p2 move iciclecrash\n>p1 switch 4\n>p1 move firepunch\n>p2 switch 2\n>p1 move uturn\n>p2 move swordsdance\n>p1 switch 3\n>p1 move shadowball\n>p2 move shadowsneak\n>p1 switch 3\n>p1 move firepunch\n>p2 move closecombat\n>p1 move toxic\n>p2 move shadowsneak\n>p1 move firepunch\n>p2 move shadowsneak\n>p1 move firepunch\n>p2 move shadowsneak", "uploadtime": 1684339599, "views": 5, "p1id": "npcjama", "p2id": "totallynotbgg", "formatid": "gen8randombattle", "rating": 1122, "private": 0, "password": ""}