|j|☆N0VAgenesis
|j|‽norespectwtsvr
|t:|1685101084
|gametype|singles
|player|p1|N0VAgenesis|ingo|1384
|player|p2|norespectwtsvr|101|1535
|teamsize|p1|6
|teamsize|p2|6
|gen|8
|tier|[Gen 8] Random Battle
|rated|
|rule|Species Clause: Limit one of each Pokémon
|rule|HP Percentage Mod: HP is shown in percentages
|rule|Sleep Clause Mod: Limit one foe put to sleep
|
|t:|1685101084
|start
|switch|p1a: Glaceon|Glaceon, L88, M|258/258
|switch|p2a: Dragonite|Dragonite, L75, F|259/259
|turn|1
|inactive|Battle timer is ON: inactive players will automatically lose when time's up. (requested by norespectwtsvr)
|c|☆N0VAgenesis|Gl play fast please
|inactive|norespectwtsvr has 120 seconds left.
|
|t:|1685101132
|switch|p2a: Blissey|Blissey, L83, F|559/559
|move|p1a: Glaceon|Toxic|p2a: Blissey
|-status|p2a: Blissey|tox
|
|-damage|p2a: Blissey|525/559 tox|[from] psn
|upkeep
|turn|2
|
|t:|1685101138
|switch|p1a: Incineroar|Incineroar, L80, F|283/283
|-ability|p1a: Incineroar|Intimidate|boost
|-unboost|p2a: Blissey|atk|1
|move|p2a: Blissey|Toxic|p1a: Incineroar
|-status|p1a: Incineroar|tox
|
|-heal|p2a: Blissey|559/559 tox|[from] item: Leftovers
|-damage|p1a: Incineroar|266/283 tox|[from] psn
|-damage|p2a: Blissey|491/559 tox|[from] psn
|upkeep
|turn|3
|
|t:|1685101158
|-curestatus|p2a: Blissey|tox|[from] ability: Natural Cure
|switch|p2a: Dragalge|Dragalge, L86, M|252/252
|move|p1a: Incineroar|U-turn|p2a: Dragalge
|-resisted|p2a: Dragalge
|-damage|p2a: Dragalge|225/252
|
|t:|1685101174
|switch|p1a: Flygon|Flygon, L80, M|259/259|[from] U-turn
|
|upkeep
|turn|4
|
|t:|1685101191
|switch|p1a: Sceptile|Sceptile, L86, F|261/261
|move|p2a: Dragalge|Dragon Pulse|p1a: Sceptile
|-damage|p1a: Sceptile|71/261
|
|-heal|p1a: Sceptile|87/261|[from] item: Leftovers
|upkeep
|turn|5
|
|t:|1685101198
|move|p1a: Sceptile|Substitute|p1a: Sceptile
|-start|p1a: Sceptile|Substitute
|-damage|p1a: Sceptile|22/261
|move|p2a: Dragalge|Dragon Pulse|p1a: Sceptile
|-end|p1a: Sceptile|Substitute
|
|-heal|p1a: Sceptile|38/261|[from] item: Leftovers
|upkeep
|turn|6
|
|t:|1685101203
|move|p1a: Sceptile|Leech Seed|p2a: Dragalge|[miss]
|-miss|p1a: Sceptile|p2a: Dragalge
|move|p2a: Dragalge|Dragon Pulse|p1a: Sceptile
|-damage|p1a: Sceptile|0 fnt
|faint|p1a: Sceptile
|
|upkeep
|
|t:|1685101210
|switch|p1a: Glaceon|Glaceon, L88, M|258/258
|turn|7
|
|t:|1685101219
|switch|p2a: Blissey|Blissey, L83, F|491/559
|move|p1a: Glaceon|Freeze-Dry|p2a: Blissey
|-damage|p2a: Blissey|422/559
|
|-heal|p2a: Blissey|456/559|[from] item: Leftovers
|upkeep
|turn|8
|
|t:|1685101225
|switch|p1a: Incineroar|Incineroar, L80, F|266/283 tox
|-ability|p1a: Incineroar|Intimidate|boost
|-unboost|p2a: Blissey|atk|1
|switch|p2a: Mr. Rime|Mr. Rime, L86, F|278/278
|
|-damage|p1a: Incineroar|249/283 tox|[from] psn
|upkeep
|turn|9
|
|t:|1685101233
|switch|p2a: Dragalge|Dragalge, L86, M|225/252
|move|p1a: Incineroar|Knock Off|p2a: Dragalge
|-damage|p2a: Dragalge|126/252
|-enditem|p2a: Dragalge|Choice Specs|[from] move: Knock Off|[of] p1a: Incineroar
|
|-damage|p1a: Incineroar|215/283 tox|[from] psn
|upkeep
|turn|10
|
|t:|1685101243
|move|p1a: Incineroar|U-turn|p2a: Dragalge
|-resisted|p2a: Dragalge
|-damage|p2a: Dragalge|100/252
|
|t:|1685101248
|switch|p1a: Articuno|Articuno, L84|288/288|[from] U-turn
|-ability|p1a: Articuno|Pressure
|move|p2a: Dragalge|Dragon Pulse|p1a: Articuno
|-damage|p1a: Articuno|186/288
|
|upkeep
|turn|11
|
|t:|1685101256
|move|p1a: Articuno|Toxic|p2a: Dragalge
|-immune|p2a: Dragalge
|move|p2a: Dragalge|Sludge Wave|p1a: Articuno
|-damage|p1a: Articuno|86/288
|
|upkeep
|turn|12
|
|t:|1685101260
|switch|p2a: Blissey|Blissey, L83, F|456/559
|move|p1a: Articuno|Roost|p1a: Articuno
|-heal|p1a: Articuno|230/288
|-singleturn|p1a: Articuno|move: Roost
|
|-heal|p2a: Blissey|490/559|[from] item: Leftovers
|upkeep
|turn|13
|
|t:|1685101271
|move|p1a: Articuno|Roost|p1a: Articuno
|-heal|p1a: Articuno|288/288
|-singleturn|p1a: Articuno|move: Roost
|move|p2a: Blissey|Teleport|p2a: Blissey
|
|t:|1685101273
|switch|p2a: Dragalge|Dragalge, L86, M|100/252|[from] Teleport
|
|upkeep
|turn|14
|
|t:|1685101277
|switch|p2a: Blissey|Blissey, L83, F|490/559
|move|p1a: Articuno|Freeze-Dry|p2a: Blissey
|-damage|p2a: Blissey|441/559
|
|-heal|p2a: Blissey|475/559|[from] item: Leftovers
|upkeep
|turn|15
|
|t:|1685101283
|move|p1a: Articuno|Toxic|p2a: Blissey|[miss]
|-miss|p1a: Articuno|p2a: Blissey
|move|p2a: Blissey|Toxic|p1a: Articuno
|-status|p1a: Articuno|tox
|
|-heal|p2a: Blissey|509/559|[from] item: Leftovers
|-damage|p1a: Articuno|270/288 tox|[from] psn
|upkeep
|turn|16
|
|t:|1685101287
|move|p1a: Articuno|Heal Bell|p1a: Articuno
|-activate|p1a: Articuno|move: Heal Bell
|-curestatus|p1a: Articuno|tox|[msg]
|-curestatus|p1: Incineroar|tox|[msg]
|move|p2a: Blissey|Teleport|p2a: Blissey
|
|t:|1685101300
|switch|p2a: Basculin|Basculin-Blue-Striped, L86, M|261/261|[from] Teleport
|
|upkeep
|turn|17
|
|t:|1685101304
|move|p2a: Basculin|Liquidation|p1a: Articuno
|-damage|p1a: Articuno|116/288
|-unboost|p1a: Articuno|def|1
|move|p1a: Articuno|Freeze-Dry|p2a: Basculin
|-supereffective|p2a: Basculin
|-damage|p2a: Basculin|67/261
|-status|p2a: Basculin|frz
|
|upkeep
|turn|18
|
|t:|1685101312
|-curestatus|p2a: Basculin|frz|[msg]
|move|p2a: Basculin|Liquidation|p1a: Articuno
|-damage|p1a: Articuno|0 fnt
|faint|p1a: Articuno
|
|upkeep
|
|t:|1685101317
|switch|p1a: Glaceon|Glaceon, L88, M|258/258
|turn|19
|
|t:|1685101321
|switch|p2a: Blissey|Blissey, L83, F|509/559
|move|p1a: Glaceon|Freeze-Dry|p2a: Blissey
|-damage|p2a: Blissey|431/559
|
|-heal|p2a: Blissey|465/559|[from] item: Leftovers
|upkeep
|turn|20
|
|t:|1685101329
|move|p1a: Glaceon|Protect|p1a: Glaceon
|-singleturn|p1a: Glaceon|Protect
|move|p2a: Blissey|Toxic|p1a: Glaceon
|-activate|p1a: Glaceon|move: Protect
|
|-heal|p2a: Blissey|499/559|[from] item: Leftovers
|upkeep
|turn|21
|
|t:|1685101335
|switch|p1a: Incineroar|Incineroar, L80, F|215/283
|-ability|p1a: Incineroar|Intimidate|boost
|-unboost|p2a: Blissey|atk|1
|move|p2a: Blissey|Toxic|p1a: Incineroar
|-status|p1a: Incineroar|tox
|
|-heal|p2a: Blissey|533/559|[from] item: Leftovers
|-damage|p1a: Incineroar|198/283 tox|[from] psn
|upkeep
|turn|22
|
|t:|1685101342
|switch|p2a: Dragalge|Dragalge, L86, M|100/252
|move|p1a: Incineroar|Knock Off|p2a: Dragalge
|-damage|p2a: Dragalge|30/252
|
|-damage|p1a: Incineroar|164/283 tox|[from] psn
|upkeep
|turn|23
|
|t:|1685101355
|move|p1a: Incineroar|Knock Off|p2a: Dragalge
|-damage|p2a: Dragalge|0 fnt
|faint|p2a: Dragalge
|
|-damage|p1a: Incineroar|113/283 tox|[from] psn
|upkeep
|
|t:|1685101358
|switch|p2a: Basculin|Basculin-Blue-Striped, L86, M|67/261
|turn|24
|
|t:|1685101362
|move|p2a: Basculin|Liquidation|p1a: Incineroar
|-supereffective|p1a: Incineroar
|-damage|p1a: Incineroar|0 fnt
|faint|p1a: Incineroar
|
|upkeep
|
|t:|1685101366
|switch|p1a: Glaceon|Glaceon, L88, M|258/258
|turn|25
|
|t:|1685101368
|switch|p2a: Blissey|Blissey, L83, F|533/559
|move|p1a: Glaceon|Freeze-Dry|p2a: Blissey
|-damage|p2a: Blissey|457/559
|
|-heal|p2a: Blissey|491/559|[from] item: Leftovers
|upkeep
|turn|26
|
|t:|1685101374
|move|p1a: Glaceon|Freeze-Dry|p2a: Blissey
|-damage|p2a: Blissey|419/559
|move|p2a: Blissey|Toxic|p1a: Glaceon
|-status|p1a: Glaceon|tox
|
|-heal|p2a: Blissey|453/559|[from] item: Leftovers
|-damage|p1a: Glaceon|242/258 tox|[from] psn
|upkeep
|turn|27
|
|t:|1685101382
|switch|p1a: Flygon|Flygon, L80, M|259/259
|move|p2a: Blissey|Soft-Boiled|p2a: Blissey
|-heal|p2a: Blissey|559/559
|
|upkeep
|turn|28
|
|t:|1685101387
|move|p1a: Flygon|Dragon Dance|p1a: Flygon
|-boost|p1a: Flygon|atk|1
|-boost|p1a: Flygon|spe|1
|move|p2a: Blissey|Toxic|p1a: Flygon
|-status|p1a: Flygon|tox
|
|-damage|p1a: Flygon|243/259 tox|[from] psn
|upkeep
|turn|29
|
|t:|1685101391
|switch|p2a: Tapu Fini|Tapu Fini, L78|237/237
|-fieldstart|move: Misty Terrain|[from] ability: Misty Surge|[of] p2a: Tapu Fini
|move|p1a: Flygon|Dragon Dance|p1a: Flygon
|-boost|p1a: Flygon|atk|1
|-boost|p1a: Flygon|spe|1
|
|-damage|p1a: Flygon|211/259 tox|[from] psn
|upkeep
|turn|30
|
|t:|1685101395
|switch|p2a: Dragonite|Dragonite, L75, F|259/259
|-start|p1a: Flygon|Dynamax|
|-heal|p1a: Flygon|422/518 tox|[silent]
|move|p1a: Flygon|Max Quake|p2a: Dragonite
|-immune|p2a: Dragonite
|
|-damage|p1a: Flygon|374/518 tox|[from] psn
|upkeep
|turn|31
|
|t:|1685101399
|move|p1a: Flygon|Max Quake|p2a: Dragonite
|-immune|p2a: Dragonite
|move|p2a: Dragonite|Outrage|p1a: Flygon
|-supereffective|p1a: Flygon
|-damage|p1a: Flygon|0 fnt
|faint|p1a: Flygon
|
|upkeep
|c|☆N0VAgenesis|U are a son of a bitch
|c|☆N0VAgenesis|bug
|c|☆N0VAgenesis|And a clown
|l|☆N0VAgenesis
|inactive|N0VAgenesis disconnected and has a minute to reconnect!
|player|p1|
|inactive|N0VAgenesis has 30 seconds to reconnect!
|inactive|N0VAgenesis has 20 seconds to reconnect!
|inactive|N0VAgenesis has 15 seconds to reconnect!
|inactive|N0VAgenesis has 10 seconds to reconnect!
|inactive|N0VAgenesis has 5 seconds to reconnect!
|-message|N0VAgenesis lost due to inactivity.
|
|win|norespectwtsvr
|raw|N0VAgenesis's rating: 1384 &rarr; <strong>1373</strong><br />(-11 for losing)
|raw|norespectwtsvr's rating: 1542 &rarr; <strong>1553</strong><br />(+11 for winning)
