{"id": "gen8randombattle-1861738487", "p1": "ZXD_9876", "p2": "youngelove", "format": "[Gen 8] Random Battle", "log": "|j|\u2606ZXD_9876\n|j|\u2606youngelove\n|t:|1683802516\n|gametype|singles\n|player|p1|ZXD_9876|101|\n|player|p2|youngelove|102|\n|teamsize|p1|6\n|teamsize|p2|6\n|gen|8\n|tier|[Gen 8] Random Battle\n|rule|Species Clause: Limit one of each Pok\u00e9mon\n|rule|HP Percentage Mod: HP is shown in percentages\n|rule|Sleep Clause Mod: Limit one foe put to sleep\n|\n|t:|1683802516\n|start\n|switch|p1a: Miltank|Miltank, L84, F|297/297\n|switch|p2a: Orbeetle|Orbeetle, L86, F|243/243\n|-item|p1a: Miltank|Leftovers|[from] ability: Frisk|[of] p2a: Orbeetle|[identify]\n|turn|1\n|inactive|Battle timer is ON: inactive players will automatically lose when time's up. (requested by ZXD_9876)\n|\n|t:|1683802543\n|switch|p2a: Mudsdale|Mudsdale, L82, M|298/298\n|move|p1a: Miltank|Stealth Rock|p2a: Mudsdale\n|-sidestart|p2: youngelove|move: Stealth Rock\n|\n|upkeep\n|turn|2\n|\n|t:|1683802561\n|switch|p1a: Azumarill|Azumarill, L84, F|305/305\n|move|p2a: Mudsdale|Stealth Rock|p1a: Azumarill\n|-sidestart|p1: ZXD_9876|move: Stealth Rock\n|\n|upkeep\n|turn|3\n|c|\u2606ZXD_9876|\ud558\uc544 \uc2a4\ub77d\uae4c\uc9c0\n|\n|t:|1683802582\n|move|p1a: Azumarill|Liquidation|p2a: Mudsdale\n|-supereffective|p2a: Mudsdale\n|-damage|p2a: Mudsdale|0 fnt\n|faint|p2a: Mudsdale\n|\n|upkeep\n|c|\u2606ZXD_9876|\uc591\uc2ec\ub3c4 \uc5c6\ub124\n|inactive|youngelove has 270 seconds left.\n|\n|t:|1683802599\n|switch|p2a: Drampa|Drampa, L86, F|274/274\n|-damage|p2a: Drampa|240/274|[from] Stealth Rock\n|turn|4\n|\n|t:|1683802606\n|switch|p1a: Miltank|Miltank, L84, F|297/297\n|-damage|p1a: Miltank|260/297|[from] Stealth Rock\n|move|p2a: Drampa|Glare|p1a: Miltank\n|-status|p1a: Miltank|par\n|\n|-heal|p2a: Drampa|257/274|[from] item: Leftovers\n|-heal|p1a: Miltank|278/297 par|[from] item: Leftovers\n|upkeep\n|turn|5\n|\n|t:|1683802621\n|move|p2a: Drampa|Hyper Voice|p1a: Miltank\n|-damage|p1a: Miltank|125/297 par\n|move|p1a: Miltank|Body Slam|p2a: Drampa\n|-damage|p2a: Drampa|181/274\n|\n|-heal|p2a: Drampa|198/274|[from] item: Leftovers\n|-heal|p1a: Miltank|143/297 par|[from] item: Leftovers\n|upkeep\n|turn|6\n|\n|t:|1683802632\n|move|p2a: Drampa|Hyper Voice|p1a: Miltank\n|-damage|p1a: Miltank|1/297 par\n|cant|p1a: Miltank|par\n|\n|-heal|p2a: Drampa|215/274|[from] item: Leftovers\n|-heal|p1a: Miltank|19/297 par|[from] item: Leftovers\n|upkeep\n|turn|7\n|c|\u2606ZXD_9876|\ud558\n|\n|t:|1683802641\n|move|p2a: Drampa|Hyper Voice|p1a: Miltank\n|-damage|p1a: Miltank|0 fnt\n|faint|p1a: Miltank\n|\n|-heal|p2a: Drampa|232/274|[from] item: Leftovers\n|upkeep\n|\n|t:|1683802650\n|switch|p1a: Azumarill|Azumarill, L84, F|305/305\n|-damage|p1a: Azumarill|267/305|[from] Stealth Rock\n|turn|8\n|\n|t:|1683802655\n|switch|p2a: Klefki|Klefki, L82, M|228/228\n|-damage|p2a: Klefki|214/228|[from] Stealth Rock\n|move|p1a: Azumarill|Play Rough|p2a: Klefki|[miss]\n|-miss|p1a: Azumarill|p2a: Klefki\n|\n|-heal|p2a: Klefki|228/228|[from] item: Leftovers\n|upkeep\n|turn|9\n|\n|t:|1683802673\n|switch|p1a: Rhydon|Rhydon, L87, M|324/324\n|-damage|p1a: Rhydon|304/324|[from] Stealth Rock\n|move|p2a: Klefki|Spikes|p1a: Rhydon\n|-sidestart|p1: ZXD_9876|Spikes\n|\n|upkeep\n|turn|10\n|\n|t:|1683802684\n|move|p2a: Klefki|Magnet Rise|p2a: Klefki\n|-start|p2a: Klefki|Magnet Rise\n|move|p1a: Rhydon|Earthquake|p2a: Klefki\n|-immune|p2a: Klefki\n|\n|upkeep\n|turn|11\n|\n|t:|1683802692\n|move|p2a: Klefki|Spikes|p1a: Rhydon\n|-sidestart|p1: ZXD_9876|Spikes\n|move|p1a: Rhydon|Stone Edge|p2a: Klefki\n|-resisted|p2a: Klefki\n|-damage|p2a: Klefki|163/228\n|\n|-heal|p2a: Klefki|177/228|[from] item: Leftovers\n|upkeep\n|turn|12\n|\n|t:|1683802700\n|move|p2a: Klefki|Spikes|p1a: Rhydon\n|-sidestart|p1: ZXD_9876|Spikes\n|move|p1a: Rhydon|Stone Edge|p2a: Klefki\n|-resisted|p2a: Klefki\n|-damage|p2a: Klefki|107/228\n|\n|-heal|p2a: Klefki|121/228|[from] item: Leftovers\n|upkeep\n|turn|13\n|\n|t:|1683802709\n|move|p2a: Klefki|Play Rough|p1a: Rhydon\n|-damage|p1a: Rhydon|262/324\n|move|p1a: Rhydon|Stone Edge|p2a: Klefki\n|-resisted|p2a: Klefki\n|-damage|p2a: Klefki|52/228\n|\n|-heal|p2a: Klefki|66/228|[from] item: Leftovers\n|upkeep\n|turn|14\n|\n|t:|1683802723\n|move|p2a: Klefki|Play Rough|p1a: Rhydon|[miss]\n|-miss|p2a: Klefki|p1a: Rhydon\n|move|p1a: Rhydon|Stone Edge|p2a: Klefki\n|-resisted|p2a: Klefki\n|-crit|p2a: Klefki\n|-damage|p2a: Klefki|0 fnt\n|faint|p2a: Klefki\n|\n|upkeep\n|c|\u2606youngelove|?\n|c|\u2606ZXD_9876|\ud558\n|c|\u2606ZXD_9876|\uc555\uc815\n|c|\u2606ZXD_9876|\uc81c\uac70\ud560 \uae30\uc220\ub3c4\n|\n|t:|1683802740\n|switch|p2a: Drampa|Drampa, L86, F|232/274\n|-damage|p2a: Drampa|198/274|[from] Stealth Rock\n|turn|15\n|c|\u2606ZXD_9876|\uc5c6\ub294\ub370\n|\n|t:|1683802750\n|move|p1a: Rhydon|Earthquake|p2a: Drampa\n|-crit|p2a: Drampa\n|-damage|p2a: Drampa|0 fnt\n|faint|p2a: Drampa\n|\n|upkeep\n|c|\u2606youngelove|?\n|c|\u2606youngelove|\ud558;\n|c|\u2606ZXD_9876|\ud558\n|inactive|youngelove has 270 seconds left.\n|c|\u2606ZXD_9876|\uc9c0\uc9c4 \uae09\uc18c\n|\n|t:|1683802767\n|switch|p2a: Cresselia|Cresselia, L80, F|323/323\n|-damage|p2a: Cresselia|283/323|[from] Stealth Rock\n|turn|16\n|c|\u2606ZXD_9876|\ubb54\ub370\n|\n|t:|1683802774\n|move|p2a: Cresselia|Calm Mind|p2a: Cresselia\n|-boost|p2a: Cresselia|spa|1\n|-boost|p2a: Cresselia|spd|1\n|move|p1a: Rhydon|Toxic|p2a: Cresselia\n|-status|p2a: Cresselia|tox\n|\n|-heal|p2a: Cresselia|303/323 tox|[from] item: Leftovers\n|-damage|p2a: Cresselia|283/323 tox|[from] psn\n|upkeep\n|turn|17\n|\n|t:|1683802787\n|move|p2a: Cresselia|Moonblast|p1a: Rhydon\n|-damage|p1a: Rhydon|180/324\n|-unboost|p1a: Rhydon|spa|1\n|move|p1a: Rhydon|Megahorn|p2a: Cresselia|[miss]\n|-miss|p1a: Rhydon|p2a: Cresselia\n|\n|-heal|p2a: Cresselia|303/323 tox|[from] item: Leftovers\n|-damage|p2a: Cresselia|263/323 tox|[from] psn\n|upkeep\n|turn|18\n|c|\u2606ZXD_9876|\ud558 \ud2b9\uacf5\ub5a8\n|\n|t:|1683802799\n|move|p2a: Cresselia|Moonblast|p1a: Rhydon\n|-damage|p1a: Rhydon|108/324\n|move|p1a: Rhydon|Megahorn|p2a: Cresselia\n|-supereffective|p2a: Cresselia\n|-damage|p2a: Cresselia|69/323 tox\n|\n|-heal|p2a: Cresselia|89/323 tox|[from] item: Leftovers\n|-damage|p2a: Cresselia|29/323 tox|[from] psn\n|upkeep\n|turn|19\n|\n|t:|1683802809\n|move|p2a: Cresselia|Moonblast|p1a: Rhydon\n|-damage|p1a: Rhydon|33/324\n|move|p1a: Rhydon|Megahorn|p2a: Cresselia\n|-supereffective|p2a: Cresselia\n|-damage|p2a: Cresselia|0 fnt\n|faint|p2a: Cresselia\n|\n|upkeep\n|\n|t:|1683802820\n|switch|p2a: Galvantula|Galvantula, L82, F|249/249\n|turn|20\n|\n|t:|1683802825\n|move|p2a: Galvantula|Giga Drain|p1a: Rhydon\n|-supereffective|p1a: Rhydon\n|-damage|p1a: Rhydon|0 fnt\n|faint|p1a: Rhydon\n|\n|upkeep\n|c|\u2606youngelove|\uc544\uac00\ub9ac\n|\n|t:|1683802836\n|switch|p1a: Mienshao|Mienshao, L82, M|241/241\n|-damage|p1a: Mienshao|226/241|[from] Stealth Rock\n|-damage|p1a: Mienshao|166/241|[from] Spikes\n|turn|21\n|\n|t:|1683802855\n|-start|p2a: Galvantula|Dynamax|\n|-heal|p2a: Galvantula|498/498|[silent]\n|move|p1a: Mienshao|Stone Edge|p2a: Galvantula\n|-supereffective|p2a: Galvantula\n|-crit|p2a: Galvantula\n|-damage|p2a: Galvantula|176/498\n|move|p2a: Galvantula|Max Lightning|p1a: Mienshao\n|-damage|p1a: Mienshao|0 fnt\n|-fieldstart|move: Electric Terrain\n|faint|p1a: Mienshao\n|\n|upkeep\n|c|\u2606youngelove|?\n|c|\u2606youngelove|\ud558 \uc880;\n|inactive|ZXD_9876 has 270 seconds left.\n|\n|t:|1683802883\n|switch|p1a: Azumarill|Azumarill, L84, F|267/305\n|-damage|p1a: Azumarill|229/305|[from] Stealth Rock\n|-damage|p1a: Azumarill|153/305|[from] Spikes\n|turn|22\n|inactive|ZXD_9876 has 270 seconds left.\n|\n|t:|1683802889\n|move|p1a: Azumarill|Aqua Jet|p2a: Galvantula\n|-damage|p2a: Galvantula|71/498\n|move|p2a: Galvantula|Max Overgrowth|p1a: Azumarill\n|-supereffective|p1a: Azumarill\n|-damage|p1a: Azumarill|0 fnt\n|-fieldstart|move: Grassy Terrain\n|faint|p1a: Azumarill\n|\n|-heal|p2a: Galvantula|86/498|[from] Grassy Terrain\n|upkeep\n|inactive|ZXD_9876 has 270 seconds left.\n|\n|t:|1683802901\n|switch|p1a: Lugia|Lugia, L74|279/279\n|turn|23\n|\n|t:|1683802906\n|-start|p1a: Lugia|Dynamax|\n|-heal|p1a: Lugia|558/558|[silent]\n|move|p1a: Lugia|Max Guard|p1a: Lugia\n|-singleturn|p1a: Lugia|Max Guard\n|move|p2a: Galvantula|Max Lightning|p1a: Lugia\n|-activate|p1a: Lugia|move: Max Guard\n|\n|-heal|p2a: Galvantula|101/498|[from] Grassy Terrain\n|upkeep\n|-end|p2a: Galvantula|Dynamax\n|-heal|p2a: Galvantula|51/249|[silent]\n|turn|24\n|\n|t:|1683802919\n|move|p2a: Galvantula|Thunder|p1a: Lugia\n|-supereffective|p1a: Lugia\n|-damage|p1a: Lugia|480/558\n|-status|p1a: Lugia|par\n|move|p1a: Lugia|Max Airstream|p2a: Galvantula\n|-damage|p2a: Galvantula|0 fnt\n|-boost|p1a: Lugia|spe|1\n|faint|p2a: Galvantula\n|\n|upkeep\n|\n|t:|1683802925\n|switch|p2a: Orbeetle|Orbeetle, L86, F|243/243\n|-item|p1a: Lugia|Heavy-Duty Boots|[from] ability: Frisk|[of] p2a: Orbeetle|[identify]\n|turn|25\n|\n|t:|1683802933\n|move|p2a: Orbeetle|Calm Mind|p2a: Orbeetle\n|-boost|p2a: Orbeetle|spa|1\n|-boost|p2a: Orbeetle|spd|1\n|cant|p1a: Lugia|par\n|\n|upkeep\n|-end|p1a: Lugia|Dynamax\n|-heal|p1a: Lugia|240/279 par|[silent]\n|turn|26\n|\n|t:|1683802943\n|move|p2a: Orbeetle|Calm Mind|p2a: Orbeetle\n|-boost|p2a: Orbeetle|spa|1\n|-boost|p2a: Orbeetle|spd|1\n|move|p1a: Lugia|Toxic|p2a: Orbeetle\n|-status|p2a: Orbeetle|tox\n|\n|-damage|p2a: Orbeetle|228/243 tox|[from] psn\n|-fieldend|move: Grassy Terrain\n|upkeep\n|turn|27\n|\n|t:|1683802952\n|move|p2a: Orbeetle|Bug Buzz|p1a: Lugia\n|-damage|p1a: Lugia|117/279 par\n|move|p1a: Lugia|Roost|p1a: Lugia\n|-heal|p1a: Lugia|257/279 par\n|-singleturn|p1a: Lugia|move: Roost\n|\n|-damage|p2a: Orbeetle|198/243 tox|[from] psn\n|upkeep\n|turn|28\n|\n|t:|1683802962\n|move|p2a: Orbeetle|Bug Buzz|p1a: Lugia\n|-damage|p1a: Lugia|133/279 par\n|cant|p1a: Lugia|par\n|\n|-damage|p2a: Orbeetle|153/243 tox|[from] psn\n|upkeep\n|turn|29\n|\n|t:|1683802970\n|move|p2a: Orbeetle|Bug Buzz|p1a: Lugia\n|-damage|p1a: Lugia|0 fnt\n|faint|p1a: Lugia\n|\n|-damage|p2a: Orbeetle|93/243 tox|[from] psn\n|upkeep\n|\n|t:|1683802976\n|switch|p1a: Volcanion|Volcanion, L80|259/259\n|-damage|p1a: Volcanion|195/259|[from] Stealth Rock\n|-damage|p1a: Volcanion|131/259|[from] Spikes\n|turn|30\n|\n|t:|1683802983\n|move|p1a: Volcanion|Flamethrower|p2a: Orbeetle\n|-supereffective|p2a: Orbeetle\n|-damage|p2a: Orbeetle|7/243 tox\n|move|p2a: Orbeetle|Psychic|p1a: Volcanion\n|-damage|p1a: Volcanion|0 fnt\n|faint|p1a: Volcanion\n|\n|win|youngelove\n|c|\u2606youngelove|\uc9c4\uc9dc\n|c|\u2606youngelove|\uc778\uac04\uc2b9\ub9ac\ub2e4\n|c|\u2606youngelove|\uc774\uac74\n|l|\u2606ZXD_9876\n", "inputlog": ">version bce759c5f189753f4322d11c9e5aa78bbe1b1bf9\n>start {\"formatid\":\"gen8randombattle\",\"seed\":[64152,38792,13781,8388]}\n>player p1 {\"name\":\"ZXD_9876\",\"avatar\":\"101\",\"rating\":0,\"seed\":[57572,26577,9866,57605]}\n>player p2 {\"name\":\"youngelove\",\"avatar\":\"102\",\"rating\":0,\"seed\":[17385,14445,7268,20013]}\n>p1 move stealthrock\n>p2 switch 3\n>p1 switch 4\n>p2 move stealthrock\n>chat \u2606ZXD_9876|\ud558\uc544 \uc2a4\ub77d\uae4c\uc9c0\n>p1 move liquidation\n>p2 move earthquake\n>chat \u2606ZXD_9876|\uc591\uc2ec\ub3c4 \uc5c6\ub124\n>p2 switch 4\n>p1 switch 4\n>p2 move glare\n>p1 move bodyslam\n>p2 move hypervoice\n>p1 move bodyslam\n>p2 move hypervoice\n>chat \u2606ZXD_9876|\ud558\n>p1 move bodyslam\n>p2 move hypervoice\n>p1 switch 4\n>p1 move playrough\n>p2 switch 2\n>p1 switch 6\n>p2 move spikes\n>p1 move earthquake\n>p2 move magnetrise\n>p1 move stoneedge\n>p2 move spikes\n>p1 move stoneedge\n>p2 move spikes\n>p1 move stoneedge\n>p2 move playrough\n>p1 move stoneedge\n>p2 move playrough\n>chat \u2606youngelove|?\n>chat \u2606ZXD_9876|\ud558\n>chat \u2606ZXD_9876|\uc555\uc815\n>chat \u2606ZXD_9876|\uc81c\uac70\ud560 \uae30\uc220\ub3c4\n>p2 switch 2\n>chat \u2606ZXD_9876|\uc5c6\ub294\ub370\n>p1 move earthquake\n>p2 move hypervoice\n>chat \u2606youngelove|?\n>chat \u2606youngelove|\ud558;\n>chat \u2606ZXD_9876|\ud558\n>chat \u2606ZXD_9876|\uc9c0\uc9c4 \uae09\uc18c\n>p2 switch 6\n>chat \u2606ZXD_9876|\ubb54\ub370\n>p1 move toxic\n>p2 move calmmind\n>p1 move megahorn\n>p2 move moonblast\n>chat \u2606ZXD_9876|\ud558 \ud2b9\uacf5\ub5a8\n>p1 move megahorn\n>p2 move moonblast\n>p1 move megahorn\n>p2 move moonblast\n>p2 switch 5\n>p1 move earthquake\n>p2 move gigadrain\n>chat \u2606youngelove|\uc544\uac00\ub9ac\n>p1 switch 5\n>p1 move stoneedge\n>p2 move thunder dynamax\n>chat \u2606youngelove|?\n>chat \u2606youngelove|\ud558 \uc880;\n>p1 switch 6\n>p1 move aquajet\n>p2 move gigadrain dynamax\n>p1 switch 3\n>p1 move substitute dynamax\n>p2 move thunder dynamax\n>p1 move airslash dynamax\n>p2 move thunder\n>p2 switch 3\n>p1 move airslash dynamax\n>p2 move calmmind\n>p1 move toxic\n>p2 move calmmind\n>p1 move roost\n>p2 move bugbuzz\n>p1 move roost\n>p2 move bugbuzz\n>p1 move roost\n>p2 move bugbuzz\n>p1 switch 2\n>p1 move flamethrower\n>p2 move psychic", "uploadtime": 1683802992, "views": 4, "p1id": "zxd9876", "p2id": "youngelove", "formatid": "gen8randombattle", "rating": 0, "private": 0, "password": ""}