{"id": "gen8randombattle-1874033524", "p1": "Shayaan_Xyz", "p2": "floating dog", "format": "[Gen 8] Random Battle", "log": "|j|\u2606Shayaan_Xyz\n|j|\u2606floating dog\n|t:|1685457599\n|gametype|singles\n|player|p1|Shayaan_Xyz|skyla|\n|player|p2|floating dog|1|\n|teamsize|p1|6\n|teamsize|p2|6\n|gen|8\n|tier|[Gen 8] Random Battle\n|rule|Species Clause: Limit one of each Pok\u00e9mon\n|rule|HP Percentage Mod: HP is shown in percentages\n|rule|Sleep Clause Mod: Limit one foe put to sleep\n|\n|t:|1685457599\n|start\n|switch|p1a: Arctozolt|Arctozolt, L86|295/295\n|switch|p2a: Silvally|Silvally-Ground, L84|297/297\n|turn|1\n|\n|t:|1685457619\n|switch|p1a: Skarmory|Skarmory, L80, F|235/235\n|move|p2a: Silvally|Toxic|p1a: Skarmory\n|-immune|p1a: Skarmory\n|\n|upkeep\n|turn|2\n|\n|t:|1685457631\n|move|p2a: Silvally|Flamethrower|p1a: Skarmory\n|-supereffective|p1a: Skarmory\n|-damage|p1a: Skarmory|85/235\n|move|p1a: Skarmory|Stealth Rock|p2a: Silvally\n|-sidestart|p2: floating dog|move: Stealth Rock\n|\n|-heal|p1a: Skarmory|99/235|[from] item: Leftovers\n|upkeep\n|turn|3\n|\n|t:|1685457646\n|move|p2a: Silvally|Flamethrower|p1a: Skarmory\n|-supereffective|p1a: Skarmory\n|-damage|p1a: Skarmory|0 fnt\n|faint|p1a: Skarmory\n|\n|upkeep\n|\n|t:|1685457661\n|switch|p1a: Keldeo|Keldeo-Resolute, L79|273/273\n|turn|4\n|\n|t:|1685457669\n|move|p1a: Keldeo|Icy Wind|p2a: Silvally\n|-supereffective|p2a: Silvally\n|-damage|p2a: Silvally|207/297\n|-unboost|p2a: Silvally|spe|1\n|move|p2a: Silvally|Toxic|p1a: Keldeo\n|-status|p1a: Keldeo|tox\n|\n|-damage|p1a: Keldeo|256/273 tox|[from] psn\n|upkeep\n|turn|5\n|\n|t:|1685457681\n|move|p1a: Keldeo|Icy Wind|p2a: Silvally\n|-supereffective|p2a: Silvally\n|-damage|p2a: Silvally|123/297\n|-unboost|p2a: Silvally|spe|1\n|move|p2a: Silvally|Multi-Attack|p1a: Keldeo\n|-damage|p1a: Keldeo|136/273 tox\n|\n|-damage|p1a: Keldeo|102/273 tox|[from] psn\n|upkeep\n|turn|6\n|\n|t:|1685457690\n|move|p1a: Keldeo|Icy Wind|p2a: Silvally\n|-supereffective|p2a: Silvally\n|-damage|p2a: Silvally|35/297\n|-unboost|p2a: Silvally|spe|1\n|move|p2a: Silvally|Multi-Attack|p1a: Keldeo\n|-damage|p1a: Keldeo|0 fnt\n|faint|p1a: Keldeo\n|\n|upkeep\n|\n|t:|1685457708\n|switch|p1a: Musharna|Musharna, L86, M|340/340\n|turn|7\n|\n|t:|1685457715\n|move|p1a: Musharna|Moonblast|p2a: Silvally\n|-damage|p2a: Silvally|0 fnt\n|faint|p2a: Silvally\n|\n|upkeep\n|\n|t:|1685457733\n|switch|p2a: Cofagrigus|Cofagrigus, L86, M|240/240\n|-damage|p2a: Cofagrigus|210/240|[from] Stealth Rock\n|turn|8\n|\n|t:|1685457763\n|move|p2a: Cofagrigus|Will-O-Wisp|p1a: Musharna\n|-status|p1a: Musharna|brn\n|-activate|p1a: Musharna|ability: Synchronize\n|-status|p2a: Cofagrigus|brn\n|move|p1a: Musharna|Calm Mind|p1a: Musharna\n|-boost|p1a: Musharna|spa|1\n|-boost|p1a: Musharna|spd|1\n|\n|-heal|p2a: Cofagrigus|225/240 brn|[from] item: Leftovers\n|-damage|p2a: Cofagrigus|210/240 brn|[from] brn\n|-damage|p1a: Musharna|319/340 brn|[from] brn\n|upkeep\n|turn|9\n|\n|t:|1685457776\n|move|p2a: Cofagrigus|Shadow Ball|p1a: Musharna\n|-supereffective|p1a: Musharna\n|-damage|p1a: Musharna|203/340 brn\n|move|p1a: Musharna|Moonblast|p2a: Cofagrigus\n|-damage|p2a: Cofagrigus|115/240 brn\n|\n|-heal|p2a: Cofagrigus|130/240 brn|[from] item: Leftovers\n|-heal|p1a: Musharna|224/340 brn|[from] item: Leftovers\n|-damage|p2a: Cofagrigus|115/240 brn|[from] brn\n|-damage|p1a: Musharna|203/340 brn|[from] brn\n|upkeep\n|turn|10\n|\n|t:|1685457787\n|move|p2a: Cofagrigus|Shadow Ball|p1a: Musharna\n|-supereffective|p1a: Musharna\n|-damage|p1a: Musharna|101/340 brn\n|move|p1a: Musharna|Moonblast|p2a: Cofagrigus\n|-damage|p2a: Cofagrigus|15/240 brn\n|\n|-heal|p2a: Cofagrigus|30/240 brn|[from] item: Leftovers\n|-heal|p1a: Musharna|122/340 brn|[from] item: Leftovers\n|-damage|p2a: Cofagrigus|15/240 brn|[from] brn\n|-damage|p1a: Musharna|101/340 brn|[from] brn\n|upkeep\n|turn|11\n|\n|t:|1685457798\n|move|p2a: Cofagrigus|Shadow Ball|p1a: Musharna\n|-supereffective|p1a: Musharna\n|-damage|p1a: Musharna|0 fnt\n|faint|p1a: Musharna\n|\n|-heal|p2a: Cofagrigus|30/240 brn|[from] item: Leftovers\n|-damage|p2a: Cofagrigus|15/240 brn|[from] brn\n|upkeep\n|\n|t:|1685457810\n|switch|p1a: Bewear|Bewear, L82, F|331/331\n|turn|12\n|\n|t:|1685457824\n|move|p1a: Bewear|Swords Dance|p1a: Bewear\n|-boost|p1a: Bewear|atk|2\n|move|p2a: Cofagrigus|Memento|p1a: Bewear\n|-unboost|p1a: Bewear|atk|2\n|-unboost|p1a: Bewear|spa|2\n|faint|p2a: Cofagrigus\n|\n|upkeep\n|\n|t:|1685457840\n|switch|p2a: Golduck|Golduck, L86, M|278/278\n|-damage|p2a: Golduck|244/278|[from] Stealth Rock\n|turn|13\n|\n|t:|1685457861\n|move|p2a: Golduck|Substitute|p2a: Golduck\n|-start|p2a: Golduck|Substitute\n|-damage|p2a: Golduck|175/278\n|move|p1a: Bewear|Swords Dance|p1a: Bewear\n|-boost|p1a: Bewear|atk|2\n|\n|-heal|p2a: Golduck|192/278|[from] item: Leftovers\n|upkeep\n|turn|14\n|\n|t:|1685457879\n|move|p2a: Golduck|Scald|p1a: Bewear\n|-damage|p1a: Bewear|207/331\n|move|p1a: Bewear|Darkest Lariat|p2a: Golduck\n|-end|p2a: Golduck|Substitute\n|-damage|p1a: Bewear|174/331|[from] item: Life Orb\n|\n|-heal|p2a: Golduck|209/278|[from] item: Leftovers\n|upkeep\n|turn|15\n|\n|t:|1685457889\n|move|p2a: Golduck|Scald|p1a: Bewear\n|-damage|p1a: Bewear|51/331\n|-status|p1a: Bewear|brn\n|move|p1a: Bewear|Darkest Lariat|p2a: Golduck\n|-damage|p2a: Golduck|121/278\n|-damage|p1a: Bewear|18/331 brn|[from] item: Life Orb\n|\n|-heal|p2a: Golduck|138/278|[from] item: Leftovers\n|-damage|p1a: Bewear|0 fnt|[from] brn\n|faint|p1a: Bewear\n|upkeep\n|\n|t:|1685457902\n|switch|p1a: Arctozolt|Arctozolt, L86|295/295\n|turn|16\n|\n|t:|1685457910\n|move|p2a: Golduck|Ice Beam|p1a: Arctozolt\n|-resisted|p1a: Arctozolt\n|-damage|p1a: Arctozolt|263/295\n|move|p1a: Arctozolt|Bolt Beak|p2a: Golduck\n|-supereffective|p2a: Golduck\n|-damage|p2a: Golduck|0 fnt\n|faint|p2a: Golduck\n|\n|upkeep\n|\n|t:|1685457917\n|switch|p2a: Nihilego|Nihilego, L79|302/302\n|-damage|p2a: Nihilego|265/302|[from] Stealth Rock\n|turn|17\n|\n|t:|1685457935\n|move|p2a: Nihilego|Toxic Spikes|p1a: Arctozolt\n|-sidestart|p1: Shayaan_Xyz|move: Toxic Spikes\n|move|p1a: Arctozolt|Stomping Tantrum|p2a: Nihilego\n|-supereffective|p2a: Nihilego\n|-damage|p2a: Nihilego|0 fnt\n|faint|p2a: Nihilego\n|\n|upkeep\n|\n|t:|1685457942\n|switch|p2a: Klinklang|Klinklang, L84|238/238\n|-damage|p2a: Klinklang|224/238|[from] Stealth Rock\n|turn|18\n|\n|t:|1685457955\n|move|p2a: Klinklang|Gear Grind|p1a: Arctozolt\n|-crit|p1a: Arctozolt\n|-damage|p1a: Arctozolt|190/295\n|-damage|p1a: Arctozolt|136/295\n|-hitcount|p1a: Arctozolt|2\n|move|p1a: Arctozolt|Stomping Tantrum|p2a: Klinklang\n|-supereffective|p2a: Klinklang\n|-damage|p2a: Klinklang|126/238\n|\n|-heal|p2a: Klinklang|140/238|[from] item: Leftovers\n|upkeep\n|turn|19\n|\n|t:|1685457969\n|move|p2a: Klinklang|Shift Gear|p2a: Klinklang\n|-boost|p2a: Klinklang|spe|2\n|-boost|p2a: Klinklang|atk|1\n|move|p1a: Arctozolt|Stomping Tantrum|p2a: Klinklang\n|-supereffective|p2a: Klinklang\n|-damage|p2a: Klinklang|44/238\n|\n|-heal|p2a: Klinklang|58/238|[from] item: Leftovers\n|upkeep\n|turn|20\n|\n|t:|1685457980\n|move|p2a: Klinklang|Gear Grind|p1a: Arctozolt\n|-damage|p1a: Arctozolt|55/295\n|-damage|p1a: Arctozolt|0 fnt\n|faint|p1a: Arctozolt\n|-hitcount|p1: Arctozolt|2\n|\n|-heal|p2a: Klinklang|72/238|[from] item: Leftovers\n|upkeep\n|\n|t:|1685457988\n|switch|p1a: Registeel|Registeel, L83|268/268\n|turn|21\n|\n|t:|1685458001\n|move|p2a: Klinklang|Wild Charge|p1a: Registeel\n|-damage|p1a: Registeel|208/268\n|-damage|p2a: Klinklang|57/238|[from] Recoil\n|move|p1a: Registeel|Body Press|p2a: Klinklang\n|-supereffective|p2a: Klinklang\n|-damage|p2a: Klinklang|0 fnt\n|faint|p2a: Klinklang\n|\n|-heal|p1a: Registeel|224/268|[from] item: Leftovers\n|upkeep\n|\n|t:|1685458009\n|switch|p2a: Sableye|Sableye, L88, M|231/231\n|-damage|p2a: Sableye|203/231|[from] Stealth Rock\n|turn|22\n|\n|t:|1685458026\n|move|p2a: Sableye|Taunt|p1a: Registeel\n|-start|p1a: Registeel|move: Taunt\n|move|p1a: Registeel|Iron Head|p2a: Sableye\n|-damage|p2a: Sableye|134/231\n|\n|-heal|p2a: Sableye|148/231|[from] item: Leftovers\n|-heal|p1a: Registeel|240/268|[from] item: Leftovers\n|upkeep\n|turn|23\n|\n|t:|1685458052\n|move|p2a: Sableye|Will-O-Wisp|p1a: Registeel\n|-status|p1a: Registeel|brn\n|move|p1a: Registeel|Iron Head|p2a: Sableye\n|-damage|p2a: Sableye|114/231\n|\n|-heal|p2a: Sableye|128/231|[from] item: Leftovers\n|-heal|p1a: Registeel|256/268 brn|[from] item: Leftovers\n|-damage|p1a: Registeel|240/268 brn|[from] brn\n|upkeep\n|turn|24\n|\n|t:|1685458061\n|move|p2a: Sableye|Recover|p2a: Sableye\n|-heal|p2a: Sableye|231/231\n|move|p1a: Registeel|Iron Head|p2a: Sableye\n|-damage|p2a: Sableye|191/231\n|\n|-heal|p2a: Sableye|205/231|[from] item: Leftovers\n|-heal|p1a: Registeel|256/268 brn|[from] item: Leftovers\n|-damage|p1a: Registeel|240/268 brn|[from] brn\n|-end|p1a: Registeel|move: Taunt\n|upkeep\n|turn|25\n|\n|t:|1685458076\n|-start|p1a: Registeel|Dynamax|\n|-heal|p1a: Registeel|480/536 brn|[silent]\n|move|p2a: Sableye|Knock Off|p1a: Registeel\n|-damage|p1a: Registeel|416/536 brn\n|-enditem|p1a: Registeel|Leftovers|[from] move: Knock Off|[of] p2a: Sableye\n|move|p1a: Registeel|Max Steelspike|p2a: Sableye\n|-damage|p2a: Sableye|139/231\n|-boost|p1a: Registeel|def|1\n|\n|-heal|p2a: Sableye|153/231|[from] item: Leftovers\n|-damage|p1a: Registeel|400/536 brn|[from] brn\n|upkeep\n|turn|26\n|\n|t:|1685458092\n|move|p2a: Sableye|Recover|p2a: Sableye\n|-heal|p2a: Sableye|231/231\n|move|p1a: Registeel|Max Steelspike|p2a: Sableye\n|-damage|p2a: Sableye|166/231\n|-boost|p1a: Registeel|def|1\n|\n|-heal|p2a: Sableye|180/231|[from] item: Leftovers\n|-damage|p1a: Registeel|384/536 brn|[from] brn\n|upkeep\n|turn|27\n|\n|t:|1685458104\n|-start|p2a: Sableye|Dynamax|\n|-heal|p2a: Sableye|360/462|[silent]\n|move|p2a: Sableye|Max Darkness|p1a: Registeel\n|-damage|p1a: Registeel|348/536 brn\n|-fail|p1a: Registeel|unboost|[from] ability: Clear Body|[of] p1a: Registeel\n|move|p1a: Registeel|Max Steelspike|p2a: Sableye\n|-damage|p2a: Sableye|295/462\n|-boost|p1a: Registeel|def|1\n|\n|-heal|p2a: Sableye|309/462|[from] item: Leftovers\n|-damage|p1a: Registeel|332/536 brn|[from] brn\n|upkeep\n|-end|p1a: Registeel|Dynamax\n|-heal|p1a: Registeel|166/268 brn|[silent]\n|turn|28\n|\n|t:|1685458127\n|move|p2a: Sableye|Max Darkness|p1a: Registeel\n|-damage|p1a: Registeel|138/268 brn\n|-fail|p1a: Registeel|unboost|[from] ability: Clear Body|[of] p1a: Registeel\n|move|p1a: Registeel|Iron Head|p2a: Sableye\n|-damage|p2a: Sableye|273/462\n|\n|-heal|p2a: Sableye|287/462|[from] item: Leftovers\n|-damage|p1a: Registeel|122/268 brn|[from] brn\n|upkeep\n|turn|29\n|\n|t:|1685458139\n|move|p2a: Sableye|Max Darkness|p1a: Registeel\n|-damage|p1a: Registeel|92/268 brn\n|-fail|p1a: Registeel|unboost|[from] ability: Clear Body|[of] p1a: Registeel\n|move|p1a: Registeel|Iron Head|p2a: Sableye\n|-damage|p2a: Sableye|250/462\n|\n|-heal|p2a: Sableye|264/462|[from] item: Leftovers\n|-damage|p1a: Registeel|76/268 brn|[from] brn\n|upkeep\n|-end|p2a: Sableye|Dynamax\n|-heal|p2a: Sableye|132/231|[silent]\n|turn|30\n|\n|t:|1685458152\n|move|p2a: Sableye|Recover|p2a: Sableye\n|-heal|p2a: Sableye|231/231\n|move|p1a: Registeel|Iron Head|p2a: Sableye\n|-damage|p2a: Sableye|193/231\n|\n|-heal|p2a: Sableye|207/231|[from] item: Leftovers\n|-damage|p1a: Registeel|60/268 brn|[from] brn\n|upkeep\n|turn|31\n|\n|t:|1685458173\n|move|p2a: Sableye|Taunt|p1a: Registeel\n|-start|p1a: Registeel|move: Taunt\n|cant|p1a: Registeel|move: Taunt|Rest\n|\n|-heal|p2a: Sableye|221/231|[from] item: Leftovers\n|-damage|p1a: Registeel|44/268 brn|[from] brn\n|upkeep\n|turn|32\n|\n|t:|1685458181\n|move|p2a: Sableye|Knock Off|p1a: Registeel\n|-damage|p1a: Registeel|28/268 brn\n|move|p1a: Registeel|Iron Head|p2a: Sableye\n|-damage|p2a: Sableye|182/231\n|\n|-heal|p2a: Sableye|196/231|[from] item: Leftovers\n|-damage|p1a: Registeel|12/268 brn|[from] brn\n|upkeep\n|turn|33\n|\n|t:|1685458214\n|move|p2a: Sableye|Recover|p2a: Sableye\n|-heal|p2a: Sableye|231/231\n|move|p1a: Registeel|Iron Head|p2a: Sableye\n|-damage|p2a: Sableye|195/231\n|\n|-heal|p2a: Sableye|209/231|[from] item: Leftovers\n|-damage|p1a: Registeel|0 fnt|[from] brn\n|faint|p1a: Registeel\n|\n|win|floating dog\n|upkeep\n|l|\u2606Shayaan_Xyz\n", "inputlog": ">version 6fec31d5a0d4498a06105aa188c9906bc0b6bf95\n>start {\"formatid\":\"gen8randombattle\",\"seed\":[6093,29693,8581,62875]}\n>player p1 {\"name\":\"Shayaan_Xyz\",\"avatar\":\"skyla\",\"rating\":0,\"seed\":[18611,2960,4366,9692]}\n>player p2 {\"name\":\"floating dog\",\"avatar\":\"1\",\"rating\":0,\"seed\":[7098,61373,41422,28722]}\n>p1 switch 3\n>p2 move toxic\n>p1 move stealthrock\n>p2 move flamethrower\n>p1 move spikes\n>p2 move flamethrower\n>p1 switch 5\n>p1 move icywind\n>p2 move toxic\n>p1 move icywind\n>p2 move multiattack\n>p1 move icywind\n>p2 move multiattack\n>p1 switch 6\n>p1 move moonblast\n>p2 move toxic\n>p2 switch 6\n>p1 move calmmind\n>p2 move willowisp\n>p1 move moonblast\n>p2 move shadowball\n>p1 move moonblast\n>p2 move shadowball\n>p1 move moonblast\n>p2 move shadowball\n>p1 switch 4\n>p1 move swordsdance\n>p2 move memento\n>p2 switch 3\n>p1 move swordsdance\n>p2 move substitute\n>p1 move darkestlariat\n>p2 move scald\n>p1 move darkestlariat\n>p2 move scald\n>p1 switch 3\n>p1 move boltbeak\n>p2 move icebeam\n>p2 switch 4\n>p1 move stompingtantrum\n>p2 move toxicspikes\n>p2 switch 2\n>p1 move stompingtantrum\n>p2 move geargrind\n>p1 move stompingtantrum\n>p2 move shiftgear\n>p1 move stompingtantrum\n>p2 move geargrind\n>p1 switch 2\n>p1 move bodypress\n>p2 move wildcharge\n>p2 switch 5\n>p1 move ironhead\n>p2 move taunt\n>p1 move ironhead\n>p2 move willowisp\n>p1 move ironhead\n>p2 move recover\n>p1 move ironhead dynamax\n>p2 move knockoff\n>p1 move ironhead dynamax\n>p2 move recover\n>p1 move ironhead dynamax\n>p2 move knockoff dynamax\n>p1 move ironhead\n>p2 move knockoff dynamax\n>p1 move ironhead\n>p2 move knockoff dynamax\n>p1 move ironhead\n>p2 move recover\n>p1 move rest\n>p2 move taunt\n>p1 move ironhead\n>p2 move knockoff\n>p1 move ironhead\n>p2 move recover", "uploadtime": 1685458340, "views": 7, "p1id": "shayaanxyz", "p2id": "floatingdog", "formatid": "gen8randombattle", "rating": 0, "private": 0, "password": ""}