{"id": "gen8randombattle-1871980063", "p1": "woopre", "p2": "piaa", "format": "[Gen 8] Random Battle", "log": "|j|\u2606woopre\n|j|\u2606piaa\n|t:|1685155978\n|gametype|singles\n|player|p1|woopre|cynthia-anime2|\n|player|p2|piaa|#rbtt6teamchienpaof|\n|teamsize|p1|6\n|teamsize|p2|6\n|gen|8\n|tier|[Gen 8] Random Battle\n|rule|Species Clause: Limit one of each Pok\u00e9mon\n|rule|HP Percentage Mod: HP is shown in percentages\n|rule|Sleep Clause Mod: Limit one foe put to sleep\n|\n|t:|1685155978\n|start\n|switch|p1a: Gothitelle|Gothitelle, L86, F|261/261\n|switch|p2a: Coalossal|Coalossal, L87, M|333/333\n|turn|1\n|c|\u2606piaa|u-turn on king into shard sealed the deal\n|c|\u2606piaa|could played better though so whatever\n|c|\u2606woopre|yeah that was rly unfortunate\n|\n|t:|1685156042\n|switch|p1a: Carbink|Carbink, L86|226/226\n|move|p2a: Coalossal|Stealth Rock|p1a: Carbink\n|-sidestart|p1: woopre|move: Stealth Rock\n|\n|upkeep\n|turn|2\n|\n|t:|1685156077\n|switch|p2a: Lunala|Lunala, L72|316/316\n|move|p1a: Carbink|Stealth Rock|p2a: Lunala\n|-sidestart|p2: piaa|move: Stealth Rock\n|\n|upkeep\n|turn|3\n|\n|t:|1685156092\n|switch|p1a: Celesteela|Celesteela, L77|276/276\n|-damage|p1a: Celesteela|242/276|[from] Stealth Rock\n|move|p2a: Lunala|Calm Mind|p2a: Lunala\n|-boost|p2a: Lunala|spa|1\n|-boost|p2a: Lunala|spd|1\n|\n|-heal|p1a: Celesteela|259/276|[from] item: Leftovers\n|upkeep\n|turn|4\n|\n|t:|1685156112\n|move|p2a: Lunala|Moongeist Beam|p1a: Celesteela\n|-damage|p1a: Celesteela|99/276\n|move|p1a: Celesteela|Leech Seed|p2a: Lunala\n|-start|p2a: Lunala|move: Leech Seed\n|\n|-heal|p1a: Celesteela|116/276|[from] item: Leftovers\n|-damage|p2a: Lunala|277/316|[from] Leech Seed|[of] p1a: Celesteela\n|-heal|p1a: Celesteela|155/276|[silent]\n|upkeep\n|turn|5\n|\n|t:|1685156134\n|switch|p2a: Coalossal|Coalossal, L87, M|333/333\n|move|p1a: Celesteela|Flash Cannon|p2a: Coalossal\n|-crit|p2a: Coalossal\n|-damage|p2a: Coalossal|233/333\n|-unboost|p2a: Coalossal|spd|1\n|\n|-heal|p1a: Celesteela|172/276|[from] item: Leftovers\n|upkeep\n|turn|6\n|c|\u2606piaa|sheesh\n|\n|t:|1685156147\n|switch|p1a: Carbink|Carbink, L86|226/226\n|-damage|p1a: Carbink|198/226|[from] Stealth Rock\n|switch|p2a: Lunala|Lunala, L72|277/316\n|-damage|p2a: Lunala|238/316|[from] Stealth Rock\n|\n|-heal|p2a: Lunala|257/316|[from] item: Leftovers\n|upkeep\n|turn|7\n|\n|t:|1685156154\n|move|p2a: Lunala|Calm Mind|p2a: Lunala\n|-boost|p2a: Lunala|spa|1\n|-boost|p2a: Lunala|spd|1\n|move|p1a: Carbink|Light Screen|p1a: Carbink\n|-sidestart|p1: woopre|move: Light Screen\n|\n|-heal|p2a: Lunala|276/316|[from] item: Leftovers\n|upkeep\n|turn|8\n|\n|t:|1685156161\n|switch|p1a: Crawdaunt|Crawdaunt, L84, F|243/243\n|-damage|p1a: Crawdaunt|213/243|[from] Stealth Rock\n|move|p2a: Lunala|Moongeist Beam|p1a: Crawdaunt\n|-resisted|p1a: Crawdaunt\n|-damage|p1a: Crawdaunt|157/243\n|\n|-heal|p2a: Lunala|295/316|[from] item: Leftovers\n|upkeep\n|turn|9\n|\n|t:|1685156207\n|switch|p2a: Dubwool|Dubwool, L86, F|264/264\n|-damage|p2a: Dubwool|231/264|[from] Stealth Rock\n|move|p1a: Crawdaunt|Knock Off|p2a: Dubwool\n|-damage|p2a: Dubwool|141/264\n|-enditem|p2a: Dubwool|Leftovers|[from] move: Knock Off|[of] p1a: Crawdaunt\n|-damage|p1a: Crawdaunt|133/243|[from] item: Life Orb\n|\n|upkeep\n|turn|10\n|\n|t:|1685156240\n|switch|p1a: Gothitelle|Gothitelle, L86, F|261/261\n|-damage|p1a: Gothitelle|229/261|[from] Stealth Rock\n|move|p2a: Dubwool|Rest|p2a: Dubwool\n|-status|p2a: Dubwool|slp|[from] move: Rest\n|-heal|p2a: Dubwool|264/264 slp|[silent]\n|\n|-heal|p1a: Gothitelle|245/261|[from] item: Leftovers\n|upkeep\n|turn|11\n|\n|t:|1685156266\n|cant|p2a: Dubwool|slp\n|move|p2a: Dubwool|Sleep Talk|p2a: Dubwool\n|move|p2a: Dubwool|Body Press|p1a: Gothitelle|[from]move: Sleep Talk\n|-resisted|p1a: Gothitelle\n|-damage|p1a: Gothitelle|220/261\n|move|p1a: Gothitelle|Nasty Plot|p1a: Gothitelle\n|-boost|p1a: Gothitelle|spa|2\n|\n|-heal|p1a: Gothitelle|236/261|[from] item: Leftovers\n|upkeep\n|turn|12\n|\n|t:|1685156273\n|cant|p2a: Dubwool|slp\n|move|p2a: Dubwool|Sleep Talk|p2a: Dubwool\n|move|p2a: Dubwool|Rest||[from]move: Sleep Talk|[still]\n|-fail|p2a: Dubwool\n|move|p1a: Gothitelle|Nasty Plot|p1a: Gothitelle\n|-boost|p1a: Gothitelle|spa|2\n|\n|-heal|p1a: Gothitelle|252/261|[from] item: Leftovers\n|upkeep\n|turn|13\n|\n|t:|1685156278\n|-curestatus|p2a: Dubwool|slp|[msg]\n|move|p2a: Dubwool|Cotton Guard|p2a: Dubwool\n|-boost|p2a: Dubwool|def|3\n|move|p1a: Gothitelle|Psychic|p2a: Dubwool\n|-damage|p2a: Dubwool|5/264\n|\n|-heal|p1a: Gothitelle|261/261|[from] item: Leftovers\n|upkeep\n|turn|14\n|\n|t:|1685156283\n|move|p2a: Dubwool|Body Press|p1a: Gothitelle\n|-resisted|p1a: Gothitelle\n|-damage|p1a: Gothitelle|191/261\n|move|p1a: Gothitelle|Psychic|p2a: Dubwool\n|-damage|p2a: Dubwool|0 fnt\n|faint|p2a: Dubwool\n|\n|-heal|p1a: Gothitelle|207/261|[from] item: Leftovers\n|-sideend|p1: woopre|move: Light Screen\n|upkeep\n|\n|t:|1685156286\n|switch|p2a: Lunala|Lunala, L72|295/316\n|-damage|p2a: Lunala|256/316|[from] Stealth Rock\n|turn|15\n|\n|t:|1685156290\n|move|p2a: Lunala|Moongeist Beam|p1a: Gothitelle\n|-supereffective|p1a: Gothitelle\n|-damage|p1a: Gothitelle|39/261\n|move|p1a: Gothitelle|Shadow Ball|p2a: Lunala\n|-supereffective|p2a: Lunala\n|-damage|p2a: Lunala|0 fnt\n|faint|p2a: Lunala\n|\n|-heal|p1a: Gothitelle|55/261|[from] item: Leftovers\n|upkeep\n|\n|t:|1685156297\n|switch|p2a: Scolipede|Scolipede, L80, M|227/227\n|-damage|p2a: Scolipede|171/227|[from] Stealth Rock\n|turn|16\n|\n|t:|1685156318\n|move|p2a: Scolipede|Poison Jab|p1a: Gothitelle\n|-damage|p1a: Gothitelle|0 fnt\n|faint|p1a: Gothitelle\n|-damage|p2a: Scolipede|149/227|[from] item: Life Orb\n|\n|-ability|p2a: Scolipede|Speed Boost|boost\n|-boost|p2a: Scolipede|spe|1\n|upkeep\n|\n|t:|1685156322\n|switch|p1a: Celesteela|Celesteela, L77|172/276\n|-damage|p1a: Celesteela|138/276|[from] Stealth Rock\n|turn|17\n|\n|t:|1685156332\n|switch|p2a: Coalossal|Coalossal, L87, M|233/333\n|move|p1a: Celesteela|Leech Seed|p2a: Coalossal\n|-start|p2a: Coalossal|move: Leech Seed\n|\n|-heal|p1a: Celesteela|155/276|[from] item: Leftovers\n|-damage|p2a: Coalossal|192/333|[from] Leech Seed|[of] p1a: Celesteela\n|-heal|p1a: Celesteela|196/276|[silent]\n|upkeep\n|turn|18\n|\n|t:|1685156339\n|move|p1a: Celesteela|Protect|p1a: Celesteela\n|-singleturn|p1a: Celesteela|Protect\n|move|p2a: Coalossal|Overheat|p1a: Celesteela\n|-activate|p1a: Celesteela|move: Protect\n|\n|-heal|p1a: Celesteela|213/276|[from] item: Leftovers\n|-damage|p2a: Coalossal|151/333|[from] Leech Seed|[of] p1a: Celesteela\n|-heal|p1a: Celesteela|254/276|[silent]\n|upkeep\n|turn|19\n|\n|t:|1685156345\n|switch|p1a: Carbink|Carbink, L86|198/226\n|-damage|p1a: Carbink|170/226|[from] Stealth Rock\n|move|p2a: Coalossal|Spikes|p1a: Carbink\n|-sidestart|p1: woopre|Spikes\n|\n|-damage|p2a: Coalossal|110/333|[from] Leech Seed|[of] p1a: Carbink\n|-heal|p1a: Carbink|211/226|[silent]\n|upkeep\n|turn|20\n|\n|t:|1685156351\n|move|p1a: Carbink|Reflect|p1a: Carbink\n|-sidestart|p1: woopre|Reflect\n|move|p2a: Coalossal|Spikes|p1a: Carbink\n|-sidestart|p1: woopre|Spikes\n|\n|-damage|p2a: Coalossal|69/333|[from] Leech Seed|[of] p1a: Carbink\n|-heal|p1a: Carbink|226/226|[silent]\n|upkeep\n|turn|21\n|\n|t:|1685156363\n|switch|p1a: Mr. Mime|Mr. Mime, L86, M|209/209\n|-damage|p1a: Mr. Mime|183/209|[from] Stealth Rock\n|-damage|p1a: Mr. Mime|149/209|[from] Spikes\n|move|p2a: Coalossal|Spikes|p1a: Mr. Mime\n|-sidestart|p1: woopre|Spikes\n|\n|-damage|p2a: Coalossal|28/333|[from] Leech Seed|[of] p1a: Mr. Mime\n|-heal|p1a: Mr. Mime|190/209|[silent]\n|upkeep\n|turn|22\n|\n|t:|1685156371\n|move|p1a: Mr. Mime|Dazzling Gleam|p2a: Coalossal\n|-resisted|p2a: Coalossal\n|-damage|p2a: Coalossal|0 fnt\n|faint|p2a: Coalossal\n|-damage|p1a: Mr. Mime|170/209|[from] item: Life Orb\n|\n|upkeep\n|\n|t:|1685156388\n|switch|p2a: Celebi|Celebi, L82|298/298\n|-damage|p2a: Celebi|261/298|[from] Stealth Rock\n|turn|23\n|\n|t:|1685156396\n|switch|p1a: Celesteela|Celesteela, L77|254/276\n|-damage|p1a: Celesteela|220/276|[from] Stealth Rock\n|move|p2a: Celebi|Nasty Plot|p2a: Celebi\n|-boost|p2a: Celebi|spa|2\n|\n|-heal|p2a: Celebi|279/298|[from] item: Leftovers\n|-heal|p1a: Celesteela|237/276|[from] item: Leftovers\n|upkeep\n|turn|24\n|\n|t:|1685156402\n|-start|p2a: Celebi|Dynamax|\n|-heal|p2a: Celebi|558/596|[silent]\n|-start|p1a: Celesteela|Dynamax|\n|-heal|p1a: Celesteela|474/552|[silent]\n|move|p2a: Celebi|Max Mindstorm|p1a: Celesteela\n|-resisted|p1a: Celesteela\n|-damage|p1a: Celesteela|346/552\n|-fieldstart|move: Psychic Terrain\n|move|p1a: Celesteela|Max Airstream|p2a: Celebi\n|-supereffective|p2a: Celebi\n|-damage|p2a: Celebi|312/596\n|-boost|p1a: Celesteela|spe|1\n|\n|-heal|p2a: Celebi|330/596|[from] item: Leftovers\n|-heal|p1a: Celesteela|363/552|[from] item: Leftovers\n|upkeep\n|turn|25\n|\n|t:|1685156412\n|move|p2a: Celebi|Max Guard|p2a: Celebi\n|-singleturn|p2a: Celebi|Max Guard\n|move|p1a: Celesteela|Max Guard||[still]\n|-fail|p1a: Celesteela\n|\n|-heal|p2a: Celebi|348/596|[from] item: Leftovers\n|-heal|p1a: Celesteela|380/552|[from] item: Leftovers\n|upkeep\n|turn|26\n|\n|t:|1685156415\n|move|p2a: Celebi|Max Mindstorm|p1a: Celesteela\n|-resisted|p1a: Celesteela\n|-damage|p1a: Celesteela|201/552\n|move|p1a: Celesteela|Max Airstream|p2a: Celebi\n|-supereffective|p2a: Celebi\n|-damage|p2a: Celebi|112/596\n|-boost|p1a: Celesteela|spe|1\n|\n|-heal|p1a: Celesteela|218/552|[from] item: Leftovers\n|-heal|p2a: Celebi|130/596|[from] item: Leftovers\n|upkeep\n|-end|p1a: Celesteela|Dynamax\n|-heal|p1a: Celesteela|109/276|[silent]\n|-end|p2a: Celebi|Dynamax\n|-heal|p2a: Celebi|65/298|[silent]\n|turn|27\n|\n|t:|1685156421\n|switch|p2a: Scolipede|Scolipede, L80, M|149/227\n|-damage|p2a: Scolipede|93/227|[from] Stealth Rock\n|move|p1a: Celesteela|Air Slash|p2a: Scolipede\n|-supereffective|p2a: Scolipede\n|-crit|p2a: Scolipede\n|-damage|p2a: Scolipede|0 fnt\n|faint|p2a: Scolipede\n|-ability|p1a: Celesteela|Beast Boost|boost\n|-boost|p1a: Celesteela|spa|1\n|\n|-heal|p1a: Celesteela|126/276|[from] item: Leftovers\n|-sideend|p1: woopre|Reflect\n|upkeep\n|\n|t:|1685156423\n|switch|p2a: Beartic|Beartic, L86, F|304/304\n|turn|28\n|\n|t:|1685156433\n|move|p1a: Celesteela|Protect|p1a: Celesteela\n|-singleturn|p1a: Celesteela|Protect\n|move|p2a: Beartic|Icicle Crash|p1a: Celesteela\n|-activate|p1a: Celesteela|move: Protect\n|\n|-heal|p1a: Celesteela|143/276|[from] item: Leftovers\n|-fieldend|move: Psychic Terrain\n|upkeep\n|turn|29\n|\n|t:|1685156438\n|move|p1a: Celesteela|Flash Cannon|p2a: Beartic\n|-supereffective|p2a: Beartic\n|-damage|p2a: Beartic|50/304\n|move|p2a: Beartic|Icicle Crash|p1a: Celesteela\n|-damage|p1a: Celesteela|29/276\n|\n|-heal|p1a: Celesteela|46/276|[from] item: Leftovers\n|upkeep\n|turn|30\n|\n|t:|1685156445\n|move|p1a: Celesteela|Flash Cannon|p2a: Beartic\n|-supereffective|p2a: Beartic\n|-damage|p2a: Beartic|0 fnt\n|faint|p2a: Beartic\n|-ability|p1a: Celesteela|Beast Boost|boost\n|-boost|p1a: Celesteela|spa|1\n|\n|-heal|p1a: Celesteela|63/276|[from] item: Leftovers\n|upkeep\n|c|\u2606piaa|whats your last\n|c|\u2606piaa|idk why you'd risk sd into crash\n|c|\u2606piaa|ggs though\n|c|\u2606piaa|gl in rest\n|\n|t:|1685156455\n|switch|p2a: Celebi|Celebi, L82|65/298\n|-damage|p2a: Celebi|28/298|[from] Stealth Rock\n|turn|31\n|c|\u2606woopre|boltund\n|c|\u2606piaa|ah\n|c|\u2606woopre|i was making sure icicle didnt ohko steela but it was a pretty shit play regardless\n|c|\u2606piaa|it was rough this game\n|c|\u2606woopre|super bad MU into steela yeah\n|c|\u2606piaa|steela and crawdaunt one shots half my team with a dd lol\n|c|\u2606piaa|my only answer gets walled by steela\n|c|\u2606woopre|unfortunate\n|c|\u2606piaa|gl in rest i suppose\n|\n|t:|1685156537\n|move|p1a: Celesteela|Flash Cannon|p2a: Celebi\n|-damage|p2a: Celebi|0 fnt\n|faint|p2a: Celebi\n|\n|win|woopre\n|c|\u2606woopre|ty\n", "inputlog": ">version d74822bbc74c095aa312053f7034baee3068d99e\n>start {\"formatid\":\"gen8randombattle\",\"seed\":[60875,53170,14730,13788]}\n>player p1 {\"name\":\"woopre\",\"avatar\":\"cynthia-anime2\",\"rating\":0,\"seed\":[48094,13759,57251,20143]}\n>player p2 {\"name\":\"piaa\",\"avatar\":\"#rbtt6teamchienpaof\",\"rating\":0,\"seed\":[42043,29848,20378,40469]}\n>chat \u2606piaa|u-turn on king into shard sealed the deal\n>chat \u2606piaa|could played better though so whatever\n>chat \u2606woopre|yeah that was rly unfortunate\n>p1 switch 5\n>p2 move stealthrock\n>p1 move stealthrock\n>p2 switch 5\n>p1 switch 6\n>p2 move calmmind\n>p1 move leechseed\n>p2 move moongeistbeam\n>p1 move flashcannon\n>p2 switch 5\n>chat \u2606piaa|sheesh\n>p1 switch 6\n>p2 switch 5\n>p1 move lightscreen\n>p2 move calmmind\n>p1 switch 3\n>p2 move moongeistbeam\n>p1 move knockoff\n>p2 switch 4\n>p1 switch 5\n>p2 move rest\n>p1 move nastyplot\n>p2 move sleeptalk\n>p1 move nastyplot\n>p2 move sleeptalk\n>p1 move psychic\n>p2 move cottonguard\n>p1 move psychic\n>p2 move bodypress\n>p2 switch 4\n>p1 move shadowball\n>p2 move moongeistbeam\n>p2 switch 2\n>p1 move psychic\n>p2 move poisonjab\n>p1 switch 6\n>p1 move leechseed\n>p2 switch 5\n>p1 move protect\n>p2 move overheat\n>p1 switch 3\n>p2 move spikes\n>p1 move reflect\n>p2 move spikes\n>p1 switch 2\n>p2 move spikes\n>p1 move dazzlinggleam\n>p2 move overheat\n>p2 switch 6\n>p1 switch 3\n>p2 move nastyplot\n>p1 move airslash dynamax\n>p2 move psychic dynamax\n>p1 move protect dynamax\n>p2 move recover dynamax\n>p1 move airslash dynamax\n>p2 move psychic dynamax\n>p1 move airslash\n>p2 switch 5\n>p2 switch 3\n>p1 move protect\n>p2 move iciclecrash\n>p1 move flashcannon\n>p2 move iciclecrash\n>p1 move flashcannon\n>p2 move iciclecrash\n>chat \u2606piaa|whats your last\n>chat \u2606piaa|idk why you'd risk sd into crash\n>chat \u2606piaa|ggs though\n>chat \u2606piaa|gl in rest\n>p2 switch 5\n>chat \u2606woopre|boltund\n>chat \u2606piaa|ah\n>chat \u2606woopre|i was making sure icicle didnt ohko steela but it was a pretty shit play regardless\n>chat \u2606piaa|it was rough this game\n>chat \u2606woopre|super bad MU into steela yeah\n>chat \u2606piaa|steela and crawdaunt one shots half my team with a dd lol\n>chat \u2606piaa|my only answer gets walled by steela\n>chat \u2606woopre|unfortunate\n>chat \u2606piaa|gl in rest i suppose\n>p1 move flashcannon\n>p2 move gigadrain", "uploadtime": 1685156542, "views": 18, "p1id": "woopre", "p2id": "piaa", "formatid": "gen8randombattle", "rating": 0, "private": 0, "password": ""}