|j|☆Referrals
|j|☆Memezboi69
|t:|1651009639
|gametype|singles
|player|p1|Referrals|169|2467
|player|p2|Memezboi69|thorton|2450
|teamsize|p1|6
|teamsize|p2|6
|gen|8
|tier|[Gen 8] Random Battle
|rated|
|rule|Species Clause: Limit one of each Pokémon
|rule|HP Percentage Mod: HP is shown in percentages
|rule|Sleep Clause Mod: Limit one foe put to sleep
|
|t:|1651009639
|start
|switch|p1a: Marowak|Marowak-Alola, L84, F|238/238
|switch|p2a: Celesteela|Celesteela, L77|276/276
|turn|1
|inactive|Battle timer is ON: inactive players will automatically lose when time's up. (requested by Memezboi69)
|inactive|Memezboi69 has 120 seconds left.
|
|t:|1651009669
|move|p2a: Celesteela|Protect|p2a: Celesteela
|-singleturn|p2a: Celesteela|Protect
|move|p1a: Marowak|Stealth Rock|p2a: Celesteela
|-sidestart|p2: Memezboi69|move: Stealth Rock
|
|upkeep
|turn|2
|
|t:|1651009681
|switch|p2a: Raichu|Raichu, L86, M|243/243
|-damage|p2a: Raichu|213/243|[from] Stealth Rock
|move|p1a: Marowak|Poltergeist|p2a: Raichu
|-activate|p2a: Raichu|move: Poltergeist|Life Orb
|-damage|p2a: Raichu|0 fnt
|faint|p2a: Raichu
|
|upkeep
|
|t:|1651009684
|switch|p2a: Pangoro|Pangoro, L84, F|297/297
|-damage|p2a: Pangoro|279/297|[from] Stealth Rock
|turn|3
|
|t:|1651009692
|switch|p1a: Alcremie|Alcremie, L86, F|252/252
|move|p2a: Pangoro|Close Combat|p1a: Alcremie
|-resisted|p1a: Alcremie
|-damage|p1a: Alcremie|128/252
|-unboost|p2a: Pangoro|def|1
|-unboost|p2a: Pangoro|spd|1
|
|-heal|p1a: Alcremie|143/252|[from] item: Leftovers
|upkeep
|turn|4
|
|t:|1651009699
|switch|p1a: Marowak|Marowak-Alola, L84, F|238/238
|switch|p2a: Lilligant|Lilligant, L84, F|255/255
|-damage|p2a: Lilligant|224/255|[from] Stealth Rock
|
|-heal|p2a: Lilligant|239/255|[from] item: Leftovers
|upkeep
|turn|5
|
|t:|1651009703
|move|p2a: Lilligant|Sleep Powder|p1a: Marowak
|-status|p1a: Marowak|slp|[from] move: Sleep Powder
|cant|p1a: Marowak|slp
|
|-heal|p2a: Lilligant|254/255|[from] item: Leftovers
|upkeep
|turn|6
|
|t:|1651009712
|move|p2a: Lilligant|Quiver Dance|p2a: Lilligant
|-boost|p2a: Lilligant|spa|1
|-boost|p2a: Lilligant|spd|1
|-boost|p2a: Lilligant|spe|1
|-curestatus|p1a: Marowak|slp|[msg]
|move|p1a: Marowak|Flare Blitz|p2a: Lilligant
|-supereffective|p2a: Lilligant
|-damage|p2a: Lilligant|0 fnt
|faint|p2a: Lilligant
|
|upkeep
|-message|Memezboi69 forfeited.
|
|win|Referrals
|raw|Referrals's rating: 2467 &rarr; <strong>2486</strong><br />(+19 for winning)
|raw|Memezboi69's rating: 2450 &rarr; <strong>2431</strong><br />(-19 for losing)
|l|☆Memezboi69
