{"id": "gen8randombattle-1871673757", "p1": "Itachinemo", "p2": "Oracall", "format": "[Gen 8] Random Battle", "log": "|j|\u2606Itachinemo\n|j|\u203dOracall\n|t:|1685118479\n|gametype|singles\n|player|p1|Itachinemo|2|1331\n|player|p2|Oracall|2|1274\n|teamsize|p1|6\n|teamsize|p2|6\n|gen|8\n|tier|[Gen 8] Random Battle\n|rated|\n|rule|Species Clause: Limit one of each Pok\u00e9mon\n|rule|HP Percentage Mod: HP is shown in percentages\n|rule|Sleep Clause Mod: Limit one foe put to sleep\n|\n|t:|1685118479\n|start\n|switch|p1a: Tentacruel|Tentacruel, L84, F|272/272\n|switch|p2a: Weezing|Weezing-Galar, L86, F|252/252\n|-ability|p2a: Weezing|Neutralizing Gas\n|turn|1\n|inactive|Battle timer is ON: inactive players will automatically lose when time's up. (requested by Oracall)\n|\n|t:|1685118491\n|move|p1a: Tentacruel|Knock Off|p2a: Weezing\n|-resisted|p2a: Weezing\n|-damage|p2a: Weezing|229/252\n|-enditem|p2a: Weezing|Black Sludge|[from] move: Knock Off|[of] p1a: Tentacruel\n|move|p2a: Weezing|Toxic Spikes|p1a: Tentacruel\n|-sidestart|p1: Itachinemo|move: Toxic Spikes\n|\n|upkeep\n|turn|2\n|\n|t:|1685118502\n|move|p1a: Tentacruel|Scald|p2a: Weezing\n|-damage|p2a: Weezing|139/252\n|move|p2a: Weezing|Toxic Spikes|p1a: Tentacruel\n|-sidestart|p1: Itachinemo|move: Toxic Spikes\n|\n|upkeep\n|turn|3\n|\n|t:|1685118510\n|move|p1a: Tentacruel|Scald|p2a: Weezing\n|-damage|p2a: Weezing|55/252\n|move|p2a: Weezing|Strange Steam|p1a: Tentacruel\n|-resisted|p1a: Tentacruel\n|-damage|p1a: Tentacruel|239/272\n|\n|-heal|p1a: Tentacruel|256/272|[from] item: Black Sludge\n|upkeep\n|turn|4\n|\n|t:|1685118527\n|move|p1a: Tentacruel|Scald|p2a: Weezing\n|-damage|p2a: Weezing|0 fnt\n|faint|p2a: Weezing\n|-end|p2a: Weezing|ability: Neutralizing Gas\n|\n|-heal|p1a: Tentacruel|272/272|[from] item: Black Sludge\n|upkeep\n|\n|t:|1685118529\n|switch|p2a: Rillaboom|Rillaboom, L78, M|284/284\n|-fieldstart|move: Grassy Terrain|[from] ability: Grassy Surge|[of] p2a: Rillaboom\n|turn|5\n|\n|t:|1685118549\n|move|p2a: Rillaboom|Grassy Glide|p1a: Tentacruel\n|-damage|p1a: Tentacruel|95/272\n|move|p1a: Tentacruel|Sludge Bomb|p2a: Rillaboom\n|-supereffective|p2a: Rillaboom\n|-damage|p2a: Rillaboom|72/284\n|\n|-heal|p1a: Tentacruel|112/272|[from] Grassy Terrain\n|-heal|p1a: Tentacruel|129/272|[from] item: Black Sludge\n|-heal|p2a: Rillaboom|89/284|[from] Grassy Terrain\n|upkeep\n|turn|6\n|\n|t:|1685118570\n|move|p2a: Rillaboom|Grassy Glide|p1a: Tentacruel\n|-damage|p1a: Tentacruel|0 fnt\n|faint|p1a: Tentacruel\n|\n|-heal|p2a: Rillaboom|106/284|[from] Grassy Terrain\n|upkeep\n|inactive|Itachinemo has 120 seconds left.\n|\n|t:|1685118591\n|switch|p1a: Mr. Rime|Mr. Rime, L86, F|278/278\n|turn|7\n|\n|t:|1685118604\n|-start|p2a: Rillaboom|Dynamax|\n|-heal|p2a: Rillaboom|212/568|[silent]\n|move|p2a: Rillaboom|Max Darkness|p1a: Mr. Rime\n|-supereffective|p1a: Mr. Rime\n|-damage|p1a: Mr. Rime|82/278\n|-unboost|p1a: Mr. Rime|spd|1\n|move|p1a: Mr. Rime|Rapid Spin|p2a: Rillaboom\n|-damage|p2a: Rillaboom|175/568\n|-boost|p1a: Mr. Rime|spe|1\n|-sideend|p1: Itachinemo|Toxic Spikes|[from] move: Rapid Spin|[of] p1a: Mr. Rime\n|\n|-heal|p1a: Mr. Rime|99/278|[from] Grassy Terrain\n|-heal|p2a: Rillaboom|192/568|[from] Grassy Terrain\n|upkeep\n|turn|8\n|inactive|Itachinemo has 120 seconds left.\n|\n|t:|1685118620\n|move|p1a: Mr. Rime|Freeze-Dry|p2a: Rillaboom\n|-supereffective|p2a: Rillaboom\n|-damage|p2a: Rillaboom|0 fnt\n|faint|p2a: Rillaboom\n|\n|-heal|p1a: Mr. Rime|116/278|[from] Grassy Terrain\n|upkeep\n|\n|t:|1685118626\n|switch|p2a: Spectrier|Spectrier, L74|270/270\n|turn|9\n|inactive|Itachinemo has 120 seconds left.\n|\n|t:|1685118652\n|move|p1a: Mr. Rime|Freeze-Dry|p2a: Spectrier\n|-damage|p2a: Spectrier|168/270\n|move|p2a: Spectrier|Shadow Ball|p1a: Mr. Rime\n|-supereffective|p1a: Mr. Rime\n|-damage|p1a: Mr. Rime|0 fnt\n|faint|p1a: Mr. Rime\n|-ability|p2a: Spectrier|Grim Neigh|boost\n|-boost|p2a: Spectrier|spa|1\n|\n|-heal|p2a: Spectrier|184/270|[from] Grassy Terrain\n|-heal|p2a: Spectrier|200/270|[from] item: Leftovers\n|-fieldend|move: Grassy Terrain\n|upkeep\n|\n|t:|1685118664\n|switch|p1a: Seaking|Seaking, L88, F|284/284\n|turn|10\n|\n|t:|1685118669\n|move|p2a: Spectrier|Shadow Ball|p1a: Seaking\n|-damage|p1a: Seaking|139/284\n|-unboost|p1a: Seaking|spd|1\n|move|p1a: Seaking|Knock Off|p2a: Spectrier\n|-supereffective|p2a: Spectrier\n|-damage|p2a: Spectrier|0 fnt\n|-enditem|p2a: Spectrier|Leftovers|[from] move: Knock Off|[of] p1a: Seaking\n|faint|p2a: Spectrier\n|-damage|p1a: Seaking|111/284|[from] item: Life Orb\n|\n|upkeep\n|\n|t:|1685118677\n|switch|p2a: Tornadus|Tornadus, L80, M|258/258\n|turn|11\n|\n|t:|1685118693\n|move|p2a: Tornadus|Grass Knot|p1a: Seaking\n|-supereffective|p1a: Seaking\n|-damage|p1a: Seaking|0 fnt\n|faint|p1a: Seaking\n|\n|upkeep\n|\n|t:|1685118708\n|switch|p1a: Druddigon|Druddigon, L84, M|267/267\n|turn|12\n|inactive|Itachinemo has 90 seconds left.\n|\n|t:|1685118726\n|switch|p2a: Espeon|Espeon, L82, F|241/241\n|move|p1a: Druddigon|Gunk Shot|p2a: Espeon\n|-damage|p2a: Espeon|60/241\n|-status|p2a: Espeon|psn\n|-damage|p1a: Druddigon|241/267|[from] item: Life Orb\n|\n|-heal|p2a: Espeon|75/241 psn|[from] item: Leftovers\n|-damage|p2a: Espeon|45/241 psn|[from] psn\n|upkeep\n|turn|13\n|inactive|Itachinemo has 90 seconds left.\n|\n|t:|1685118739\n|move|p2a: Espeon|Dazzling Gleam|p1a: Druddigon\n|-supereffective|p1a: Druddigon\n|-damage|p1a: Druddigon|103/267\n|move|p1a: Druddigon|Outrage|p2a: Espeon\n|-damage|p2a: Espeon|0 fnt\n|faint|p2a: Espeon\n|-damage|p1a: Druddigon|77/267|[from] item: Life Orb\n|\n|upkeep\n|\n|t:|1685118742\n|switch|p2a: Tornadus|Tornadus, L80, M|258/258\n|turn|14\n|\n|t:|1685118749\n|move|p2a: Tornadus|Hurricane|p1a: Druddigon\n|-damage|p1a: Druddigon|0 fnt\n|faint|p1a: Druddigon\n|\n|upkeep\n|\n|t:|1685118757\n|switch|p1a: Wobbuffet|Wobbuffet, L92, M|499/499\n|turn|15\n|\n|t:|1685118766\n|move|p2a: Tornadus|Nasty Plot|p2a: Tornadus\n|-boost|p2a: Tornadus|spa|2\n|move|p1a: Wobbuffet|Charm|p2a: Tornadus\n|-unboost|p2a: Tornadus|atk|2\n|\n|upkeep\n|turn|16\n|\n|t:|1685118775\n|move|p2a: Tornadus|Nasty Plot|p2a: Tornadus\n|-boost|p2a: Tornadus|spa|2\n|move|p1a: Wobbuffet|Mirror Coat||[still]\n|-fail|p1a: Wobbuffet\n|\n|upkeep\n|turn|17\n|\n|t:|1685118780\n|move|p2a: Tornadus|Nasty Plot|p2a: Tornadus\n|-boost|p2a: Tornadus|spa|2\n|move|p1a: Wobbuffet|Encore|p2a: Tornadus\n|-start|p2a: Tornadus|Encore\n|\n|upkeep\n|turn|18\n|inactive|Itachinemo has 120 seconds left.\n|\n|t:|1685118787\n|switch|p1a: Throh|Throh, L86, M|347/347\n|move|p2a: Tornadus|Nasty Plot|p2a: Tornadus\n|-boost|p2a: Tornadus|spa|0\n|\n|upkeep\n|turn|19\n|\n|t:|1685118796\n|move|p2a: Tornadus|Nasty Plot|p2a: Tornadus\n|-boost|p2a: Tornadus|spa|0\n|move|p1a: Throh|Bulk Up|p1a: Throh\n|-boost|p1a: Throh|atk|1\n|-boost|p1a: Throh|def|1\n|\n|upkeep\n|turn|20\n|\n|t:|1685118804\n|-start|p1a: Throh|Dynamax|\n|-heal|p1a: Throh|694/694|[silent]\n|move|p2a: Tornadus|Nasty Plot|p2a: Tornadus\n|-boost|p2a: Tornadus|spa|0\n|move|p1a: Throh|Max Knuckle|p2a: Tornadus\n|-resisted|p2a: Tornadus\n|-crit|p2a: Tornadus\n|-damage|p2a: Tornadus|141/258\n|-boost|p1a: Throh|atk|1\n|\n|-end|p2a: Tornadus|Encore\n|upkeep\n|turn|21\n|\n|t:|1685118818\n|move|p2a: Tornadus|Hurricane|p1a: Throh|[miss]\n|-miss|p2a: Tornadus|p1a: Throh\n|move|p1a: Throh|Max Knuckle|p2a: Tornadus\n|-resisted|p2a: Tornadus\n|-damage|p2a: Tornadus|24/258\n|-boost|p1a: Throh|atk|1\n|\n|upkeep\n|turn|22\n|\n|t:|1685118831\n|move|p2a: Tornadus|Hurricane|p1a: Throh\n|-supereffective|p1a: Throh\n|-damage|p1a: Throh|0 fnt\n|faint|p1a: Throh\n|\n|upkeep\n|\n|t:|1685118836\n|switch|p1a: Wobbuffet|Wobbuffet, L92, M|499/499\n|turn|23\n|\n|t:|1685118840\n|move|p2a: Tornadus|Hurricane|p1a: Wobbuffet|[miss]\n|-miss|p2a: Tornadus|p1a: Wobbuffet\n|move|p1a: Wobbuffet|Mirror Coat||[still]\n|-fail|p1a: Wobbuffet\n|\n|upkeep\n|turn|24\n|\n|t:|1685118851\n|move|p2a: Tornadus|Hurricane|p1a: Wobbuffet|[miss]\n|-miss|p2a: Tornadus|p1a: Wobbuffet\n|move|p1a: Wobbuffet|Mirror Coat||[still]\n|-fail|p1a: Wobbuffet\n|\n|upkeep\n|turn|25\n|\n|t:|1685118857\n|move|p2a: Tornadus|Hurricane|p1a: Wobbuffet|[miss]\n|-miss|p2a: Tornadus|p1a: Wobbuffet\n|move|p1a: Wobbuffet|Charm|p2a: Tornadus\n|-unboost|p2a: Tornadus|atk|2\n|\n|upkeep\n|turn|26\n|\n|t:|1685118865\n|move|p2a: Tornadus|Hurricane|p1a: Wobbuffet\n|-damage|p1a: Wobbuffet|0 fnt\n|faint|p1a: Wobbuffet\n|\n|win|Oracall\n|raw|Itachinemo's rating: 1331 &rarr; <strong>1308</strong><br />(-23 for losing)\n|raw|Oracall's rating: 1274 &rarr; <strong>1303</strong><br />(+29 for winning)\n|l|\u203dOracall\n", "inputlog": ">version 61c68e60481ef09071210320730fc448fef50368\n>start {\"formatid\":\"gen8randombattle\",\"seed\":[61492,58289,49781,2460],\"rated\":\"Rated battle\"}\n>player p1 {\"name\":\"Itachinemo\",\"avatar\":\"2\",\"rating\":1331,\"seed\":[18406,4428,59765,48925]}\n>player p2 {\"name\":\"Oracall\",\"avatar\":\"2\",\"rating\":1274,\"seed\":[20816,9081,11623,49397]}\n>p1 move knockoff\n>p2 move toxicspikes\n>p1 move scald\n>p2 move toxicspikes\n>p1 move scald\n>p2 move strangesteam\n>p1 move scald\n>p2 move strangesteam\n>p2 switch 6\n>p1 move sludgebomb\n>p2 move grassyglide\n>p1 move sludgebomb\n>p2 move grassyglide\n>p1 switch 4\n>p1 move rapidspin\n>p2 move knockoff dynamax\n>p1 move freezedry\n>p2 move uturn dynamax\n>p2 switch 4\n>p1 move freezedry\n>p2 move shadowball\n>p1 switch 5\n>p1 move knockoff\n>p2 move shadowball\n>p2 switch 3\n>p1 move knockoff\n>p2 move grassknot\n>p1 switch 6\n>p1 move gunkshot\n>p2 switch 5\n>p1 move outrage\n>p2 move dazzlinggleam\n>p2 switch 5\n>p1 move outrage\n>p2 move hurricane\n>p1 switch 3\n>p1 move charm\n>p2 move nastyplot\n>p1 move mirrorcoat\n>p2 move nastyplot\n>p1 move encore\n>p2 move nastyplot\n>p1 switch 2\n>p2 move nastyplot\n>p1 move bulkup\n>p2 move nastyplot\n>p1 move circlethrow dynamax\n>p2 move nastyplot\n>p1 move circlethrow dynamax\n>p2 move hurricane\n>p1 move circlethrow dynamax\n>p2 move hurricane\n>p1 switch 2\n>p1 move mirrorcoat\n>p2 move hurricane\n>p1 move mirrorcoat\n>p2 move hurricane\n>p1 move charm\n>p2 move hurricane\n>p1 move mirrorcoat\n>p2 move hurricane", "uploadtime": 1685118925, "views": 3, "p1id": "itachinemo", "p2id": "oracall", "formatid": "gen8randombattle", "rating": 1303, "private": 0, "password": ""}