{"id": "gen8randombattle-1873678914", "p1": "remiri", "p2": "gopqy", "format": "[Gen 8] Random Battle", "log": "|j|\u2606remiri\n|j|\u2606gopqy\n|t:|1685405014\n|gametype|singles\n|player|p1|remiri|102|1066\n|player|p2|gopqy|selene|1097\n|teamsize|p1|6\n|teamsize|p2|6\n|gen|8\n|tier|[Gen 8] Random Battle\n|rated|\n|rule|Species Clause: Limit one of each Pok\u00e9mon\n|rule|HP Percentage Mod: HP is shown in percentages\n|rule|Sleep Clause Mod: Limit one foe put to sleep\n|\n|t:|1685405014\n|start\n|switch|p1a: Kommo-o|Kommo-o, L80, F|251/251\n|switch|p2a: Drifblim|Drifblim, L84, F|389/389\n|turn|1\n|\n|t:|1685405038\n|move|p2a: Drifblim|Calm Mind|p2a: Drifblim\n|-boost|p2a: Drifblim|spa|1\n|-boost|p2a: Drifblim|spd|1\n|move|p1a: Kommo-o|Clangorous Soul|p1a: Kommo-o\n|-boost|p1a: Kommo-o|atk|1\n|-boost|p1a: Kommo-o|def|1\n|-boost|p1a: Kommo-o|spa|1\n|-boost|p1a: Kommo-o|spd|1\n|-boost|p1a: Kommo-o|spe|1\n|-damage|p1a: Kommo-o|169/251\n|-enditem|p1a: Kommo-o|Throat Spray\n|-boost|p1a: Kommo-o|spa|1|[from] item: Throat Spray\n|\n|upkeep\n|turn|2\n|\n|t:|1685405073\n|move|p1a: Kommo-o|Clangorous Soul|p1a: Kommo-o\n|-boost|p1a: Kommo-o|atk|1\n|-boost|p1a: Kommo-o|def|1\n|-boost|p1a: Kommo-o|spa|1\n|-boost|p1a: Kommo-o|spd|1\n|-boost|p1a: Kommo-o|spe|1\n|-damage|p1a: Kommo-o|87/251\n|move|p2a: Drifblim|Calm Mind|p2a: Drifblim\n|-boost|p2a: Drifblim|spa|1\n|-boost|p2a: Drifblim|spd|1\n|\n|upkeep\n|turn|3\n|\n|t:|1685405105\n|-start|p2a: Drifblim|Dynamax|\n|-heal|p2a: Drifblim|778/778|[silent]\n|move|p1a: Kommo-o|Clanging Scales|p2a: Drifblim\n|-crit|p2a: Drifblim\n|-damage|p2a: Drifblim|228/778\n|-enditem|p2a: Drifblim|Sitrus Berry|[eat]\n|-heal|p2a: Drifblim|325/778|[from] item: Sitrus Berry\n|-unboost|p1a: Kommo-o|def|1\n|move|p2a: Drifblim|Max Phantasm|p1a: Kommo-o\n|-damage|p1a: Kommo-o|0 fnt\n|faint|p1a: Kommo-o\n|\n|upkeep\n|\n|t:|1685405130\n|switch|p1a: Tapu Koko|Tapu Koko, L78|237/237\n|-fieldstart|move: Electric Terrain|[from] ability: Electric Surge|[of] p1a: Tapu Koko\n|turn|4\n|\n|t:|1685405141\n|move|p2a: Drifblim|Max Phantasm|p1a: Tapu Koko\n|-damage|p1a: Tapu Koko|0 fnt\n|faint|p1a: Tapu Koko\n|\n|upkeep\n|\n|t:|1685405171\n|switch|p1a: Scyther|Scyther, L81, M|246/246\n|turn|5\n|\n|t:|1685405183\n|-start|p1a: Scyther|Dynamax|\n|-heal|p1a: Scyther|492/492|[silent]\n|move|p2a: Drifblim|Max Lightning|p1a: Scyther\n|-supereffective|p1a: Scyther\n|-damage|p1a: Scyther|116/492\n|move|p1a: Scyther|Max Airstream|p2a: Drifblim\n|-damage|p2a: Drifblim|81/778\n|-boost|p1a: Scyther|spe|1\n|\n|upkeep\n|-end|p2a: Drifblim|Dynamax\n|-heal|p2a: Drifblim|41/389|[silent]\n|turn|6\n|\n|t:|1685405214\n|move|p2a: Drifblim|Thunderbolt|p1a: Scyther\n|-supereffective|p1a: Scyther\n|-damage|p1a: Scyther|0 fnt\n|faint|p1a: Scyther\n|\n|upkeep\n|\n|t:|1685405221\n|switch|p1a: Linoone|Linoone, L84, M|268/268\n|turn|7\n|\n|t:|1685405227\n|move|p2a: Drifblim|Thunderbolt|p1a: Linoone\n|-damage|p1a: Linoone|126/268\n|-enditem|p1a: Linoone|Figy Berry|[eat]\n|-heal|p1a: Linoone|215/268|[from] item: Figy Berry\n|move|p1a: Linoone|Throat Chop|p2a: Drifblim\n|-supereffective|p2a: Drifblim\n|-damage|p2a: Drifblim|0 fnt\n|faint|p2a: Drifblim\n|\n|upkeep\n|\n|t:|1685405260\n|switch|p2a: Pangoro|Pangoro, L84, F|297/297\n|turn|8\n|\n|t:|1685405279\n|move|p1a: Linoone|Belly Drum|p1a: Linoone\n|-damage|p1a: Linoone|81/268\n|-setboost|p1a: Linoone|atk|6|[from] move: Belly Drum\n|move|p2a: Pangoro|Close Combat|p1a: Linoone\n|-supereffective|p1a: Linoone\n|-damage|p1a: Linoone|0 fnt\n|-unboost|p2a: Pangoro|def|1\n|-unboost|p2a: Pangoro|spd|1\n|faint|p1a: Linoone\n|\n|-fieldend|move: Electric Terrain\n|upkeep\n|\n|t:|1685405300\n|switch|p1a: Roserade|Roserade, L84, F|238/238\n|turn|9\n|\n|t:|1685405318\n|switch|p2a: Slurpuff|Slurpuff, L80, M|262/262\n|move|p1a: Roserade|Sludge Bomb|p2a: Slurpuff\n|-supereffective|p2a: Slurpuff\n|-damage|p2a: Slurpuff|4/262\n|-enditem|p2a: Slurpuff|Sitrus Berry|[eat]\n|-heal|p2a: Slurpuff|69/262|[from] item: Sitrus Berry\n|\n|upkeep\n|turn|10\n|\n|t:|1685405363\n|move|p2a: Slurpuff|Drain Punch|p1a: Roserade\n|-resisted|p1a: Roserade\n|-damage|p1a: Roserade|212/238\n|-heal|p2a: Slurpuff|82/262|[from] drain|[of] p1a: Roserade\n|move|p1a: Roserade|Sludge Bomb|p2a: Slurpuff\n|-supereffective|p2a: Slurpuff\n|-damage|p2a: Slurpuff|0 fnt\n|faint|p2a: Slurpuff\n|\n|-heal|p1a: Roserade|226/238|[from] item: Black Sludge\n|upkeep\n|\n|t:|1685405389\n|switch|p2a: Pangoro|Pangoro, L84, F|297/297\n|turn|11\n|inactive|Battle timer is ON: inactive players will automatically lose when time's up. (requested by gopqy)\n|inactive|remiri has 120 seconds left.\n|\n|t:|1685405510\n|move|p1a: Roserade|Sludge Bomb|p2a: Pangoro\n|-damage|p2a: Pangoro|164/297\n|-status|p2a: Pangoro|psn\n|move|p2a: Pangoro|Knock Off|p1a: Roserade\n|-damage|p1a: Roserade|7/238\n|-enditem|p1a: Roserade|Black Sludge|[from] move: Knock Off|[of] p2a: Pangoro\n|\n|-damage|p2a: Pangoro|127/297 psn|[from] psn\n|upkeep\n|turn|12\n|\n|t:|1685405525\n|switch|p2a: Toxicroak|Toxicroak, L84, M|277/277\n|move|p1a: Roserade|Sludge Bomb|p2a: Toxicroak\n|-resisted|p2a: Toxicroak\n|-damage|p2a: Toxicroak|206/277\n|\n|upkeep\n|turn|13\n|\n|t:|1685405536\n|move|p1a: Roserade|Leaf Storm|p2a: Toxicroak\n|-resisted|p2a: Toxicroak\n|-damage|p2a: Toxicroak|97/277\n|-unboost|p1a: Roserade|spa|2\n|move|p2a: Toxicroak|Drain Punch|p1a: Roserade\n|-resisted|p1a: Roserade\n|-damage|p1a: Roserade|0 fnt\n|-heal|p2a: Toxicroak|101/277|[from] drain|[of] p1a: Roserade\n|faint|p1a: Roserade\n|-damage|p2a: Toxicroak|74/277|[from] item: Life Orb\n|\n|upkeep\n|\n|t:|1685405547\n|switch|p1a: Celesteela|Celesteela, L77|276/276\n|turn|14\n|\n|t:|1685405557\n|move|p2a: Toxicroak|Swords Dance|p2a: Toxicroak\n|-boost|p2a: Toxicroak|atk|2\n|move|p1a: Celesteela|Air Slash|p2a: Toxicroak\n|-supereffective|p2a: Toxicroak\n|-damage|p2a: Toxicroak|0 fnt\n|faint|p2a: Toxicroak\n|-ability|p1a: Celesteela|Beast Boost|boost\n|-boost|p1a: Celesteela|spa|1\n|\n|upkeep\n|\n|t:|1685405585\n|switch|p2a: Pangoro|Pangoro, L84, F|127/297 psn\n|turn|15\n|\n|t:|1685405592\n|move|p2a: Pangoro|Parting Shot|p1a: Celesteela\n|-unboost|p1a: Celesteela|atk|1\n|-unboost|p1a: Celesteela|spa|1\n|\n|t:|1685405601\n|switch|p2a: Farfetch\u2019d|Farfetch\u2019d, L90, F|239/239|[from] Parting Shot\n|move|p1a: Celesteela|Flash Cannon|p2a: Farfetch\u2019d\n|-damage|p2a: Farfetch\u2019d|151/239\n|\n|upkeep\n|turn|16\n|\n|t:|1685405616\n|move|p2a: Farfetch\u2019d|Swords Dance|p2a: Farfetch\u2019d\n|-boost|p2a: Farfetch\u2019d|atk|2\n|move|p1a: Celesteela|Leech Seed|p2a: Farfetch\u2019d\n|-start|p2a: Farfetch\u2019d|move: Leech Seed\n|\n|-damage|p2a: Farfetch\u2019d|122/239|[from] Leech Seed|[of] p1a: Celesteela\n|upkeep\n|turn|17\n|\n|t:|1685405638\n|move|p2a: Farfetch\u2019d|Knock Off|p1a: Celesteela\n|-crit|p1a: Celesteela\n|-damage|p1a: Celesteela|59/276\n|-enditem|p1a: Celesteela|Leftovers|[from] move: Knock Off|[of] p2a: Farfetch\u2019d\n|move|p1a: Celesteela|Air Slash|p2a: Farfetch\u2019d\n|-damage|p2a: Farfetch\u2019d|38/239\n|\n|-damage|p2a: Farfetch\u2019d|9/239|[from] Leech Seed|[of] p1a: Celesteela\n|-heal|p1a: Celesteela|88/276|[silent]\n|upkeep\n|turn|18\n|\n|t:|1685405647\n|move|p1a: Celesteela|Protect|p1a: Celesteela\n|-singleturn|p1a: Celesteela|Protect\n|move|p2a: Farfetch\u2019d|Knock Off|p1a: Celesteela\n|-activate|p1a: Celesteela|move: Protect\n|\n|-damage|p2a: Farfetch\u2019d|0 fnt|[from] Leech Seed|[of] p1a: Celesteela\n|-heal|p1a: Celesteela|97/276|[silent]\n|faint|p2a: Farfetch\u2019d\n|upkeep\n|\n|t:|1685405656\n|switch|p2a: Pangoro|Pangoro, L84, F|127/297 psn\n|turn|19\n|\n|t:|1685405671\n|move|p2a: Pangoro|Parting Shot|p1a: Celesteela\n|-unboost|p1a: Celesteela|atk|1\n|-unboost|p1a: Celesteela|spa|1\n|\n|t:|1685405675\n|switch|p2a: Tyrantrum|Tyrantrum, L82, M|269/269|[from] Parting Shot\n|move|p1a: Celesteela|Air Slash|p2a: Tyrantrum\n|-resisted|p2a: Tyrantrum\n|-damage|p2a: Tyrantrum|234/269\n|\n|upkeep\n|turn|20\n|\n|t:|1685405690\n|move|p2a: Tyrantrum|Outrage|p1a: Celesteela\n|-resisted|p1a: Celesteela\n|-damage|p1a: Celesteela|1/276\n|-damage|p2a: Tyrantrum|208/269|[from] item: Life Orb\n|move|p1a: Celesteela|Flash Cannon|p2a: Tyrantrum\n|-supereffective|p2a: Tyrantrum\n|-damage|p2a: Tyrantrum|64/269\n|\n|upkeep\n|turn|21\n|\n|t:|1685405702\n|move|p1a: Celesteela|Protect|p1a: Celesteela\n|-singleturn|p1a: Celesteela|Protect\n|move|p2a: Tyrantrum|Outrage|p1a: Celesteela|[from]lockedmove\n|-activate|p1a: Celesteela|move: Protect\n|-start|p2a: Tyrantrum|confusion|[fatigue]\n|\n|upkeep\n|turn|22\n|\n|t:|1685405711\n|-activate|p2a: Tyrantrum|confusion\n|move|p2a: Tyrantrum|Outrage|p1a: Celesteela\n|-resisted|p1a: Celesteela\n|-damage|p1a: Celesteela|0 fnt\n|faint|p1a: Celesteela\n|-damage|p2a: Tyrantrum|38/269|[from] item: Life Orb\n|\n|win|gopqy\n|raw|remiri's rating: 1066 &rarr; <strong>1048</strong><br />(-18 for losing)\n|raw|gopqy's rating: 1097 &rarr; <strong>1120</strong><br />(+23 for winning)\n|l|\u2606remiri\n", "inputlog": ">version 6fec31d5a0d4498a06105aa188c9906bc0b6bf95\n>start {\"formatid\":\"gen8randombattle\",\"seed\":[4377,5598,24118,39614],\"rated\":\"Rated battle\"}\n>player p1 {\"name\":\"remiri\",\"avatar\":\"102\",\"rating\":1066,\"seed\":[14093,15467,44219,14613]}\n>player p2 {\"name\":\"gopqy\",\"avatar\":\"selene\",\"rating\":1097,\"seed\":[52032,9753,30183,16945]}\n>p1 move clangoroussoul\n>p2 move calmmind\n>p1 move clangoroussoul\n>p2 move calmmind\n>p1 move clangingscales\n>p2 move shadowball dynamax\n>p1 switch 6\n>p1 move dazzlinggleam\n>p2 move shadowball dynamax\n>p1 switch 4\n>p1 move dualwingbeat dynamax\n>p2 move thunderbolt dynamax\n>p1 move dualwingbeat dynamax\n>p2 move thunderbolt\n>p1 switch 5\n>p1 move throatchop\n>p2 move thunderbolt\n>p2 switch 2\n>p1 move bellydrum\n>p2 move closecombat\n>p1 switch 3\n>p1 move sludgebomb\n>p2 switch 3\n>p1 move sludgebomb\n>p2 move drainpunch\n>p2 switch 3\n>p1 move sludgebomb\n>p2 move knockoff\n>p1 move sludgebomb\n>p2 switch 6\n>p1 move leafstorm\n>p2 move drainpunch\n>p1 switch 2\n>p1 move airslash\n>p2 move swordsdance\n>p2 switch 6\n>p1 move flashcannon\n>p2 move partingshot\n>p2 switch 5\n>p1 move leechseed\n>p2 move swordsdance\n>p1 move airslash\n>p2 move knockoff\n>p1 move protect\n>p2 move knockoff\n>p2 switch 5\n>p1 move airslash\n>p2 move partingshot\n>p2 switch 4\n>p1 move flashcannon\n>p2 move outrage\n>p1 move protect\n>p2 move outrage\n>p1 move airslash\n>p2 move outrage", "uploadtime": 1685405729, "views": 7, "p1id": "remiri", "p2id": "gopqy", "formatid": "gen8randombattle", "rating": 1048, "private": 0, "password": ""}