|j|☆querinoSEXO
|j|☆69barney
|t:|1685541225
|gametype|singles
|player|p1|querinoSEXO|102|
|player|p2|69barney|170|
|teamsize|p1|6
|teamsize|p2|6
|gen|8
|tier|[Gen 8] Random Battle
|rule|Species Clause: Limit one of each Pokémon
|rule|HP Percentage Mod: HP is shown in percentages
|rule|Sleep Clause Mod: Limit one foe put to sleep
|
|t:|1685541225
|start
|switch|p1a: Porygon-Z|Porygon-Z, L80|267/267
|switch|p2a: Entei|Entei, L78|307/307
|-ability|p1a: Porygon-Z|Download|boost
|-boost|p1a: Porygon-Z|spa|1
|turn|1
|
|t:|1685541243
|switch|p1a: Terrakion|Terrakion, L78|270/270
|move|p2a: Entei|Stone Edge|p1a: Terrakion|[miss]
|-miss|p2a: Entei|p1a: Terrakion
|
|upkeep
|turn|2
|
|t:|1685541265
|switch|p2a: Quagsire|Quagsire, L84, M|297/297
|move|p1a: Terrakion|Stone Edge|p2a: Quagsire|[miss]
|-miss|p1a: Terrakion|p2a: Quagsire
|
|upkeep
|turn|3
|
|t:|1685541274
|switch|p1a: Cresselia|Cresselia, L80, F|323/323
|move|p2a: Quagsire|Scald|p1a: Cresselia
|-damage|p1a: Cresselia|275/323
|
|-heal|p1a: Cresselia|295/323|[from] item: Leftovers
|upkeep
|turn|4
|
|t:|1685541286
|move|p1a: Cresselia|Calm Mind|p1a: Cresselia
|-boost|p1a: Cresselia|spa|1
|-boost|p1a: Cresselia|spd|1
|move|p2a: Quagsire|Ice Beam|p1a: Cresselia
|-crit|p1a: Cresselia
|-damage|p1a: Cresselia|240/323
|
|-heal|p1a: Cresselia|260/323|[from] item: Leftovers
|upkeep
|turn|5
|
|t:|1685541295
|move|p1a: Cresselia|Psyshock|p2a: Quagsire
|-damage|p2a: Quagsire|234/297
|move|p2a: Quagsire|Ice Beam|p1a: Cresselia
|-damage|p1a: Cresselia|223/323
|
|-heal|p1a: Cresselia|243/323|[from] item: Leftovers
|-heal|p2a: Quagsire|252/297|[from] item: Leftovers
|upkeep
|turn|6
|
|t:|1685541364
|move|p1a: Cresselia|Moonblast|p2a: Quagsire
|-damage|p2a: Quagsire|189/297
|move|p2a: Quagsire|Earthquake|p1a: Cresselia
|-immune|p1a: Cresselia|[from] ability: Levitate
|
|-heal|p1a: Cresselia|263/323|[from] item: Leftovers
|-heal|p2a: Quagsire|207/297|[from] item: Leftovers
|upkeep
|turn|7
|
|t:|1685541376
|move|p1a: Cresselia|Moonblast|p2a: Quagsire
|-damage|p2a: Quagsire|142/297
|-unboost|p2a: Quagsire|spa|1
|move|p2a: Quagsire|Ice Beam|p1a: Cresselia
|-damage|p1a: Cresselia|238/323
|
|-heal|p1a: Cresselia|258/323|[from] item: Leftovers
|-heal|p2a: Quagsire|160/297|[from] item: Leftovers
|upkeep
|turn|8
|
|t:|1685541386
|move|p1a: Cresselia|Moonblast|p2a: Quagsire
|-damage|p2a: Quagsire|90/297
|move|p2a: Quagsire|Recover|p2a: Quagsire
|-heal|p2a: Quagsire|239/297
|
|-heal|p1a: Cresselia|278/323|[from] item: Leftovers
|-heal|p2a: Quagsire|257/297|[from] item: Leftovers
|upkeep
|turn|9
|
|t:|1685541401
|move|p1a: Cresselia|Moonblast|p2a: Quagsire
|-damage|p2a: Quagsire|194/297
|-unboost|p2a: Quagsire|spa|1
|move|p2a: Quagsire|Ice Beam|p1a: Cresselia
|-damage|p1a: Cresselia|259/323
|
|-heal|p1a: Cresselia|279/323|[from] item: Leftovers
|-heal|p2a: Quagsire|212/297|[from] item: Leftovers
|upkeep
|turn|10
|
|t:|1685541415
|move|p1a: Cresselia|Moonblast|p2a: Quagsire
|-damage|p2a: Quagsire|145/297
|move|p2a: Quagsire|Ice Beam|p1a: Cresselia
|-damage|p1a: Cresselia|260/323
|
|-heal|p1a: Cresselia|280/323|[from] item: Leftovers
|-heal|p2a: Quagsire|163/297|[from] item: Leftovers
|upkeep
|turn|11
|
|t:|1685541425
|move|p1a: Cresselia|Calm Mind|p1a: Cresselia
|-boost|p1a: Cresselia|spa|1
|-boost|p1a: Cresselia|spd|1
|move|p2a: Quagsire|Recover|p2a: Quagsire
|-heal|p2a: Quagsire|297/297
|
|-heal|p1a: Cresselia|300/323|[from] item: Leftovers
|upkeep
|turn|12
|
|t:|1685541434
|move|p1a: Cresselia|Moonblast|p2a: Quagsire
|-damage|p2a: Quagsire|232/297
|move|p2a: Quagsire|Ice Beam|p1a: Cresselia
|-damage|p1a: Cresselia|281/323
|-status|p1a: Cresselia|frz
|
|-heal|p1a: Cresselia|301/323 frz|[from] item: Leftovers
|-heal|p2a: Quagsire|250/297|[from] item: Leftovers
|upkeep
|turn|13
|
|t:|1685541444
|cant|p1a: Cresselia|frz
|move|p2a: Quagsire|Ice Beam|p1a: Cresselia
|-damage|p1a: Cresselia|283/323 frz
|
|-heal|p1a: Cresselia|303/323 frz|[from] item: Leftovers
|-heal|p2a: Quagsire|268/297|[from] item: Leftovers
|upkeep
|turn|14
|
|t:|1685541452
|-curestatus|p1a: Cresselia|frz|[msg]
|move|p1a: Cresselia|Psyshock|p2a: Quagsire
|-damage|p2a: Quagsire|202/297
|move|p2a: Quagsire|Ice Beam|p1a: Cresselia
|-damage|p1a: Cresselia|283/323
|-status|p1a: Cresselia|frz
|
|-heal|p1a: Cresselia|303/323 frz|[from] item: Leftovers
|-heal|p2a: Quagsire|220/297|[from] item: Leftovers
|upkeep
|turn|15
|
|t:|1685541475
|switch|p2a: Oranguru|Oranguru, L86, F|295/295
|-curestatus|p1a: Cresselia|frz|[msg]
|move|p1a: Cresselia|Psyshock|p2a: Oranguru
|-resisted|p2a: Oranguru
|-damage|p2a: Oranguru|229/295
|
|-heal|p1a: Cresselia|323/323|[from] item: Leftovers
|-heal|p2a: Oranguru|247/295|[from] item: Leftovers
|upkeep
|turn|16
|
|t:|1685541490
|switch|p1a: Porygon-Z|Porygon-Z, L78|222/222
|move|p2a: Oranguru|Focus Blast|p1a: Porygon-Z
|-supereffective|p1a: Porygon-Z
|-damage|p1a: Porygon-Z|0 fnt
|replace|p1a: Zoroark|Zoroark, L78, F
|-end|p1a: Zoroark|Illusion
|faint|p1a: Zoroark
|
|-heal|p2a: Oranguru|265/295|[from] item: Leftovers
|upkeep
|
|t:|1685541504
|switch|p1a: Cresselia|Cresselia, L80, F|323/323
|turn|17
|
|t:|1685541518
|move|p1a: Cresselia|Calm Mind|p1a: Cresselia
|-boost|p1a: Cresselia|spa|1
|-boost|p1a: Cresselia|spd|1
|move|p2a: Oranguru|Focus Blast|p1a: Cresselia
|-resisted|p1a: Cresselia
|-damage|p1a: Cresselia|300/323
|
|-heal|p1a: Cresselia|320/323|[from] item: Leftovers
|-heal|p2a: Oranguru|283/295|[from] item: Leftovers
|upkeep
|turn|18
|
|t:|1685541529
|move|p1a: Cresselia|Moonblast|p2a: Oranguru
|-damage|p2a: Oranguru|219/295
|move|p2a: Oranguru|Thunderbolt|p1a: Cresselia
|-damage|p1a: Cresselia|284/323
|
|-heal|p1a: Cresselia|304/323|[from] item: Leftovers
|-heal|p2a: Oranguru|237/295|[from] item: Leftovers
|upkeep
|turn|19
|
|t:|1685541540
|move|p1a: Cresselia|Moonblast|p2a: Oranguru
|-damage|p2a: Oranguru|175/295
|move|p2a: Oranguru|Psychic|p1a: Cresselia
|-resisted|p1a: Cresselia
|-damage|p1a: Cresselia|280/323
|
|-heal|p1a: Cresselia|300/323|[from] item: Leftovers
|-heal|p2a: Oranguru|193/295|[from] item: Leftovers
|upkeep
|turn|20
|
|t:|1685541557
|move|p1a: Cresselia|Moonblast|p2a: Oranguru
|-damage|p2a: Oranguru|126/295
|move|p2a: Oranguru|Thunderbolt|p1a: Cresselia
|-damage|p1a: Cresselia|267/323
|
|-heal|p1a: Cresselia|287/323|[from] item: Leftovers
|-heal|p2a: Oranguru|144/295|[from] item: Leftovers
|upkeep
|turn|21
|
|t:|1685541579
|switch|p2a: Charizard|Charizard, L82, M|262/262
|move|p1a: Cresselia|Moonblast|p2a: Charizard
|-resisted|p2a: Charizard
|-damage|p2a: Charizard|218/262
|-unboost|p2a: Charizard|spa|1
|
|-heal|p1a: Cresselia|307/323|[from] item: Leftovers
|upkeep
|turn|22
|
|t:|1685541597
|switch|p1a: Terrakion|Terrakion, L78|270/270
|move|p2a: Charizard|Air Slash|p1a: Terrakion
|-crit|p1a: Terrakion
|-damage|p1a: Terrakion|134/270
|
|upkeep
|turn|23
|
|t:|1685541609
|-start|p1a: Terrakion|Dynamax|
|-heal|p1a: Terrakion|268/540|[silent]
|move|p1a: Terrakion|Max Rockfall|p2a: Charizard
|-supereffective|p2a: Charizard
|-damage|p2a: Charizard|0 fnt
|-weather|Sandstorm
|faint|p2a: Charizard
|-damage|p1a: Terrakion|241/540|[from] item: Life Orb
|
|-weather|Sandstorm|[upkeep]
|upkeep
|
|t:|1685541623
|switch|p2a: Barraskewda|Barraskewda, L80, F|229/229
|turn|24
|
|t:|1685541633
|-start|p2a: Barraskewda|Dynamax|
|-heal|p2a: Barraskewda|458/458|[silent]
|move|p2a: Barraskewda|Max Geyser|p1a: Terrakion
|-supereffective|p1a: Terrakion
|-damage|p1a: Terrakion|0 fnt
|-weather|RainDance
|faint|p1a: Terrakion
|
|-weather|RainDance|[upkeep]
|upkeep
|
|t:|1685541645
|switch|p1a: Porygon-Z|Porygon-Z, L80|267/267
|-ability|p1a: Porygon-Z|Download|boost
|-boost|p1a: Porygon-Z|spa|1
|turn|25
|
|t:|1685541652
|move|p2a: Barraskewda|Max Knuckle|p1a: Porygon-Z
|-supereffective|p1a: Porygon-Z
|-damage|p1a: Porygon-Z|87/267
|-boost|p2a: Barraskewda|atk|1
|move|p1a: Porygon-Z|Dark Pulse|p2a: Barraskewda
|-damage|p2a: Barraskewda|250/458
|-damage|p1a: Porygon-Z|61/267|[from] item: Life Orb
|
|-weather|RainDance|[upkeep]
|upkeep
|turn|26
|
|t:|1685541669
|move|p2a: Barraskewda|Max Knuckle|p1a: Porygon-Z
|-supereffective|p1a: Porygon-Z
|-damage|p1a: Porygon-Z|0 fnt
|-boost|p2a: Barraskewda|atk|1
|faint|p1a: Porygon-Z
|
|-weather|RainDance|[upkeep]
|upkeep
|
|t:|1685541678
|switch|p1a: Electivire|Electivire, L82, F|257/257
|-end|p2a: Barraskewda|Dynamax
|-heal|p2a: Barraskewda|125/229|[silent]
|turn|27
|
|t:|1685541691
|move|p2a: Barraskewda|Psychic Fangs|p1a: Electivire
|-damage|p1a: Electivire|6/257
|move|p1a: Electivire|Wild Charge|p2a: Barraskewda
|-supereffective|p2a: Barraskewda
|-damage|p2a: Barraskewda|0 fnt
|faint|p2a: Barraskewda
|-damage|p1a: Electivire|0 fnt|[from] Recoil
|faint|p1a: Electivire
|
|-weather|RainDance|[upkeep]
|upkeep
|
|t:|1685541708
|switch|p2a: Entei|Entei, L78|307/307
|switch|p1a: Cresselia|Cresselia, L80, F|307/323
|turn|28
|
|t:|1685541725
|move|p2a: Entei|Extreme Speed|p1a: Cresselia
|-damage|p1a: Cresselia|236/323
|move|p1a: Cresselia|Psyshock|p2a: Entei
|-damage|p2a: Entei|234/307
|
|-weather|none
|-heal|p1a: Cresselia|256/323|[from] item: Leftovers
|upkeep
|turn|29
|
|t:|1685541739
|move|p2a: Entei|Extreme Speed|p1a: Cresselia
|-damage|p1a: Cresselia|192/323
|move|p1a: Cresselia|Psyshock|p2a: Entei
|-damage|p2a: Entei|164/307
|
|-heal|p1a: Cresselia|212/323|[from] item: Leftovers
|upkeep
|turn|30
|
|t:|1685541749
|move|p2a: Entei|Extreme Speed|p1a: Cresselia
|-damage|p1a: Cresselia|140/323
|move|p1a: Cresselia|Psyshock|p2a: Entei
|-damage|p2a: Entei|95/307
|
|-heal|p1a: Cresselia|160/323|[from] item: Leftovers
|upkeep
|turn|31
|
|t:|1685541758
|move|p2a: Entei|Extreme Speed|p1a: Cresselia
|-damage|p1a: Cresselia|94/323
|move|p1a: Cresselia|Psyshock|p2a: Entei
|-damage|p2a: Entei|25/307
|
|-heal|p1a: Cresselia|114/323|[from] item: Leftovers
|upkeep
|turn|32
|
|t:|1685541767
|move|p2a: Entei|Extreme Speed|p1a: Cresselia
|-damage|p1a: Cresselia|44/323
|move|p1a: Cresselia|Moonlight|p1a: Cresselia
|-heal|p1a: Cresselia|205/323
|
|-heal|p1a: Cresselia|225/323|[from] item: Leftovers
|upkeep
|turn|33
|
|t:|1685541779
|switch|p2a: Quagsire|Quagsire, L84, M|220/297
|move|p1a: Cresselia|Psyshock|p2a: Quagsire
|-damage|p2a: Quagsire|151/297
|
|-heal|p1a: Cresselia|245/323|[from] item: Leftovers
|-heal|p2a: Quagsire|169/297|[from] item: Leftovers
|upkeep
|turn|34
|
|t:|1685541790
|move|p1a: Cresselia|Moonblast|p2a: Quagsire
|-crit|p2a: Quagsire
|-damage|p2a: Quagsire|76/297
|move|p2a: Quagsire|Recover|p2a: Quagsire
|-heal|p2a: Quagsire|225/297
|
|-heal|p1a: Cresselia|265/323|[from] item: Leftovers
|-heal|p2a: Quagsire|243/297|[from] item: Leftovers
|upkeep
|turn|35
|
|t:|1685541801
|move|p1a: Cresselia|Moonblast|p2a: Quagsire
|-damage|p2a: Quagsire|180/297
|move|p2a: Quagsire|Ice Beam|p1a: Cresselia
|-damage|p1a: Cresselia|226/323
|-status|p1a: Cresselia|frz
|
|-heal|p1a: Cresselia|246/323 frz|[from] item: Leftovers
|-heal|p2a: Quagsire|198/297|[from] item: Leftovers
|upkeep
|turn|36
|
|t:|1685541812
|cant|p1a: Cresselia|frz
|move|p2a: Quagsire|Ice Beam|p1a: Cresselia
|-damage|p1a: Cresselia|208/323 frz
|
|-heal|p1a: Cresselia|228/323 frz|[from] item: Leftovers
|-heal|p2a: Quagsire|216/297|[from] item: Leftovers
|upkeep
|turn|37
|
|t:|1685541820
|cant|p1a: Cresselia|frz
|move|p2a: Quagsire|Ice Beam|p1a: Cresselia
|-damage|p1a: Cresselia|191/323 frz
|
|-heal|p1a: Cresselia|211/323 frz|[from] item: Leftovers
|-heal|p2a: Quagsire|234/297|[from] item: Leftovers
|upkeep
|turn|38
|
|t:|1685541827
|cant|p1a: Cresselia|frz
|move|p2a: Quagsire|Ice Beam|p1a: Cresselia
|-damage|p1a: Cresselia|173/323 frz
|
|-heal|p1a: Cresselia|193/323 frz|[from] item: Leftovers
|-heal|p2a: Quagsire|252/297|[from] item: Leftovers
|upkeep
|turn|39
|
|t:|1685541835
|cant|p1a: Cresselia|frz
|move|p2a: Quagsire|Ice Beam|p1a: Cresselia
|-damage|p1a: Cresselia|157/323 frz
|
|-heal|p1a: Cresselia|177/323 frz|[from] item: Leftovers
|-heal|p2a: Quagsire|270/297|[from] item: Leftovers
|upkeep
|turn|40
|
|t:|1685541843
|cant|p1a: Cresselia|frz
|move|p2a: Quagsire|Ice Beam|p1a: Cresselia
|-damage|p1a: Cresselia|142/323 frz
|
|-heal|p1a: Cresselia|162/323 frz|[from] item: Leftovers
|-heal|p2a: Quagsire|288/297|[from] item: Leftovers
|upkeep
|turn|41
|
|t:|1685541850
|cant|p1a: Cresselia|frz
|move|p2a: Quagsire|Ice Beam|p1a: Cresselia
|-damage|p1a: Cresselia|128/323 frz
|
|-heal|p1a: Cresselia|148/323 frz|[from] item: Leftovers
|-heal|p2a: Quagsire|297/297|[from] item: Leftovers
|upkeep
|turn|42
|
|t:|1685541858
|cant|p1a: Cresselia|frz
|move|p2a: Quagsire|Ice Beam|p1a: Cresselia
|-damage|p1a: Cresselia|110/323 frz
|
|-heal|p1a: Cresselia|130/323 frz|[from] item: Leftovers
|upkeep
|turn|43
|
|t:|1685541870
|cant|p1a: Cresselia|frz
|move|p2a: Quagsire|Scald|p1a: Cresselia
|-damage|p1a: Cresselia|85/323 frz
|-curestatus|p1a: Cresselia|frz|[msg]
|
|-heal|p1a: Cresselia|105/323|[from] item: Leftovers
|upkeep
|turn|44
|
|t:|1685541878
|move|p1a: Cresselia|Moonlight|p1a: Cresselia
|-heal|p1a: Cresselia|266/323
|move|p2a: Quagsire|Scald|p1a: Cresselia
|-damage|p1a: Cresselia|217/323
|-status|p1a: Cresselia|brn
|
|-heal|p1a: Cresselia|237/323 brn|[from] item: Leftovers
|-damage|p1a: Cresselia|217/323 brn|[from] brn
|upkeep
|turn|45
|
|t:|1685541891
|move|p1a: Cresselia|Moonblast|p2a: Quagsire
|-damage|p2a: Quagsire|233/297
|move|p2a: Quagsire|Scald|p1a: Cresselia
|-damage|p1a: Cresselia|168/323 brn
|
|-heal|p1a: Cresselia|188/323 brn|[from] item: Leftovers
|-heal|p2a: Quagsire|251/297|[from] item: Leftovers
|-damage|p1a: Cresselia|168/323 brn|[from] brn
|upkeep
|turn|46
|
|t:|1685541901
|move|p1a: Cresselia|Moonblast|p2a: Quagsire
|-damage|p2a: Quagsire|186/297
|-unboost|p2a: Quagsire|spa|1
|move|p2a: Quagsire|Scald|p1a: Cresselia
|-damage|p1a: Cresselia|134/323 brn
|
|-heal|p1a: Cresselia|154/323 brn|[from] item: Leftovers
|-heal|p2a: Quagsire|204/297|[from] item: Leftovers
|-damage|p1a: Cresselia|134/323 brn|[from] brn
|upkeep
|turn|47
|
|t:|1685541913
|move|p1a: Cresselia|Moonblast|p2a: Quagsire
|-damage|p2a: Quagsire|145/297
|move|p2a: Quagsire|Scald|p1a: Cresselia
|-damage|p1a: Cresselia|98/323 brn
|
|-heal|p1a: Cresselia|118/323 brn|[from] item: Leftovers
|-heal|p2a: Quagsire|163/297|[from] item: Leftovers
|-damage|p1a: Cresselia|98/323 brn|[from] brn
|upkeep
|turn|48
|
|t:|1685541924
|move|p1a: Cresselia|Psyshock|p2a: Quagsire
|-damage|p2a: Quagsire|93/297
|move|p2a: Quagsire|Recover|p2a: Quagsire
|-heal|p2a: Quagsire|242/297
|
|-heal|p1a: Cresselia|118/323 brn|[from] item: Leftovers
|-heal|p2a: Quagsire|260/297|[from] item: Leftovers
|-damage|p1a: Cresselia|98/323 brn|[from] brn
|upkeep
|turn|49
|
|t:|1685541934
|move|p1a: Cresselia|Moonlight|p1a: Cresselia
|-heal|p1a: Cresselia|259/323 brn
|move|p2a: Quagsire|Scald|p1a: Cresselia
|-damage|p1a: Cresselia|229/323 brn
|
|-heal|p1a: Cresselia|249/323 brn|[from] item: Leftovers
|-heal|p2a: Quagsire|278/297|[from] item: Leftovers
|-damage|p1a: Cresselia|229/323 brn|[from] brn
|upkeep
|turn|50
|
|t:|1685541945
|move|p1a: Cresselia|Moonblast|p2a: Quagsire
|-damage|p2a: Quagsire|213/297
|move|p2a: Quagsire|Scald|p1a: Cresselia
|-damage|p1a: Cresselia|195/323 brn
|
|-heal|p1a: Cresselia|215/323 brn|[from] item: Leftovers
|-heal|p2a: Quagsire|231/297|[from] item: Leftovers
|-damage|p1a: Cresselia|195/323 brn|[from] brn
|upkeep
|turn|51
|
|t:|1685541959
|move|p1a: Cresselia|Moonblast|p2a: Quagsire
|-damage|p2a: Quagsire|169/297
|move|p2a: Quagsire|Scald|p1a: Cresselia
|-crit|p1a: Cresselia
|-damage|p1a: Cresselia|117/323 brn
|
|-heal|p1a: Cresselia|137/323 brn|[from] item: Leftovers
|-heal|p2a: Quagsire|187/297|[from] item: Leftovers
|-damage|p1a: Cresselia|117/323 brn|[from] brn
|upkeep
|turn|52
|
|t:|1685541970
|move|p1a: Cresselia|Moonlight|p1a: Cresselia
|-heal|p1a: Cresselia|278/323 brn
|move|p2a: Quagsire|Scald|p1a: Cresselia
|-damage|p1a: Cresselia|247/323 brn
|
|-heal|p1a: Cresselia|267/323 brn|[from] item: Leftovers
|-heal|p2a: Quagsire|205/297|[from] item: Leftovers
|-damage|p1a: Cresselia|247/323 brn|[from] brn
|upkeep
|turn|53
|
|t:|1685541983
|move|p1a: Cresselia|Calm Mind|p1a: Cresselia
|-boost|p1a: Cresselia|spa|1
|-boost|p1a: Cresselia|spd|1
|move|p2a: Quagsire|Scald|p1a: Cresselia
|-damage|p1a: Cresselia|211/323 brn
|
|-heal|p1a: Cresselia|231/323 brn|[from] item: Leftovers
|-heal|p2a: Quagsire|223/297|[from] item: Leftovers
|-damage|p1a: Cresselia|211/323 brn|[from] brn
|upkeep
|turn|54
|
|t:|1685541993
|move|p1a: Cresselia|Calm Mind|p1a: Cresselia
|-boost|p1a: Cresselia|spa|1
|-boost|p1a: Cresselia|spd|1
|move|p2a: Quagsire|Scald|p1a: Cresselia
|-damage|p1a: Cresselia|178/323 brn
|
|-heal|p1a: Cresselia|198/323 brn|[from] item: Leftovers
|-heal|p2a: Quagsire|241/297|[from] item: Leftovers
|-damage|p1a: Cresselia|178/323 brn|[from] brn
|upkeep
|turn|55
|
|t:|1685542004
|move|p1a: Cresselia|Moonblast|p2a: Quagsire
|-damage|p2a: Quagsire|178/297
|move|p2a: Quagsire|Scald|p1a: Cresselia
|-damage|p1a: Cresselia|144/323 brn
|
|-heal|p1a: Cresselia|164/323 brn|[from] item: Leftovers
|-heal|p2a: Quagsire|196/297|[from] item: Leftovers
|-damage|p1a: Cresselia|144/323 brn|[from] brn
|upkeep
|turn|56
|
|t:|1685542015
|move|p1a: Cresselia|Moonblast|p2a: Quagsire
|-damage|p2a: Quagsire|126/297
|move|p2a: Quagsire|Scald|p1a: Cresselia
|-damage|p1a: Cresselia|114/323 brn
|
|-heal|p1a: Cresselia|134/323 brn|[from] item: Leftovers
|-heal|p2a: Quagsire|144/297|[from] item: Leftovers
|-damage|p1a: Cresselia|114/323 brn|[from] brn
|upkeep
|turn|57
|
|t:|1685542025
|move|p1a: Cresselia|Moonlight|p1a: Cresselia
|-heal|p1a: Cresselia|275/323 brn
|move|p2a: Quagsire|Recover|p2a: Quagsire
|-heal|p2a: Quagsire|293/297
|
|-heal|p1a: Cresselia|295/323 brn|[from] item: Leftovers
|-heal|p2a: Quagsire|297/297|[from] item: Leftovers
|-damage|p1a: Cresselia|275/323 brn|[from] brn
|upkeep
|turn|58
|inactive|Battle timer is ON: inactive players will automatically lose when time's up. (requested by querinoSEXO)
|
|t:|1685542034
|move|p1a: Cresselia|Moonblast|p2a: Quagsire
|-damage|p2a: Quagsire|232/297
|-unboost|p2a: Quagsire|spa|1
|move|p2a: Quagsire|Scald|p1a: Cresselia
|-damage|p1a: Cresselia|251/323 brn
|
|-heal|p1a: Cresselia|271/323 brn|[from] item: Leftovers
|-heal|p2a: Quagsire|250/297|[from] item: Leftovers
|-damage|p1a: Cresselia|251/323 brn|[from] brn
|upkeep
|turn|59
|
|t:|1685542046
|move|p1a: Cresselia|Moonblast|p2a: Quagsire
|-damage|p2a: Quagsire|190/297
|-unboost|p2a: Quagsire|spa|1
|move|p2a: Quagsire|Scald|p1a: Cresselia
|-damage|p1a: Cresselia|232/323 brn
|
|-heal|p1a: Cresselia|252/323 brn|[from] item: Leftovers
|-heal|p2a: Quagsire|208/297|[from] item: Leftovers
|-damage|p1a: Cresselia|232/323 brn|[from] brn
|upkeep
|turn|60
|
|t:|1685542058
|move|p1a: Cresselia|Psyshock|p2a: Quagsire
|-crit|p2a: Quagsire
|-damage|p2a: Quagsire|102/297
|move|p2a: Quagsire|Scald|p1a: Cresselia
|-damage|p1a: Cresselia|211/323 brn
|
|-heal|p1a: Cresselia|231/323 brn|[from] item: Leftovers
|-heal|p2a: Quagsire|120/297|[from] item: Leftovers
|-damage|p1a: Cresselia|211/323 brn|[from] brn
|upkeep
|turn|61
|
|t:|1685542068
|move|p1a: Cresselia|Psyshock|p2a: Quagsire
|-damage|p2a: Quagsire|53/297
|move|p2a: Quagsire|Recover|p2a: Quagsire
|-heal|p2a: Quagsire|202/297
|
|-heal|p1a: Cresselia|231/323 brn|[from] item: Leftovers
|-heal|p2a: Quagsire|220/297|[from] item: Leftovers
|-damage|p1a: Cresselia|211/323 brn|[from] brn
|upkeep
|turn|62
|
|t:|1685542078
|move|p1a: Cresselia|Psyshock|p2a: Quagsire
|-damage|p2a: Quagsire|154/297
|move|p2a: Quagsire|Scald|p1a: Cresselia
|-damage|p1a: Cresselia|190/323 brn
|
|-heal|p1a: Cresselia|210/323 brn|[from] item: Leftovers
|-heal|p2a: Quagsire|172/297|[from] item: Leftovers
|-damage|p1a: Cresselia|190/323 brn|[from] brn
|upkeep
|turn|63
|
|t:|1685542088
|move|p1a: Cresselia|Psyshock|p2a: Quagsire
|-damage|p2a: Quagsire|99/297
|move|p2a: Quagsire|Recover|p2a: Quagsire
|-heal|p2a: Quagsire|248/297
|
|-heal|p1a: Cresselia|210/323 brn|[from] item: Leftovers
|-heal|p2a: Quagsire|266/297|[from] item: Leftovers
|-damage|p1a: Cresselia|190/323 brn|[from] brn
|upkeep
|turn|64
|
|t:|1685542099
|move|p1a: Cresselia|Calm Mind|p1a: Cresselia
|-boost|p1a: Cresselia|spa|1
|-boost|p1a: Cresselia|spd|1
|move|p2a: Quagsire|Scald|p1a: Cresselia
|-damage|p1a: Cresselia|171/323 brn
|
|-heal|p1a: Cresselia|191/323 brn|[from] item: Leftovers
|-heal|p2a: Quagsire|284/297|[from] item: Leftovers
|-damage|p1a: Cresselia|171/323 brn|[from] brn
|upkeep
|turn|65
|
|t:|1685542111
|move|p1a: Cresselia|Calm Mind|p1a: Cresselia
|-boost|p1a: Cresselia|spa|1
|-boost|p1a: Cresselia|spd|1
|move|p2a: Quagsire|Scald|p1a: Cresselia
|-damage|p1a: Cresselia|152/323 brn
|
|-heal|p1a: Cresselia|172/323 brn|[from] item: Leftovers
|-heal|p2a: Quagsire|297/297|[from] item: Leftovers
|-damage|p1a: Cresselia|152/323 brn|[from] brn
|upkeep
|turn|66
|
|t:|1685542122
|move|p1a: Cresselia|Moonlight|p1a: Cresselia
|-heal|p1a: Cresselia|313/323 brn
|move|p2a: Quagsire|Scald|p1a: Cresselia
|-damage|p1a: Cresselia|291/323 brn
|
|-heal|p1a: Cresselia|311/323 brn|[from] item: Leftovers
|-damage|p1a: Cresselia|291/323 brn|[from] brn
|upkeep
|turn|67
|
|t:|1685542132
|move|p1a: Cresselia|Calm Mind|p1a: Cresselia
|-boost|p1a: Cresselia|spa|1
|-boost|p1a: Cresselia|spd|1
|move|p2a: Quagsire|Scald|p1a: Cresselia
|-damage|p1a: Cresselia|272/323 brn
|
|-heal|p1a: Cresselia|292/323 brn|[from] item: Leftovers
|-damage|p1a: Cresselia|272/323 brn|[from] brn
|upkeep
|turn|68
|
|t:|1685542144
|move|p1a: Cresselia|Calm Mind|p1a: Cresselia
|-boost|p1a: Cresselia|spa|1
|-boost|p1a: Cresselia|spd|1
|move|p2a: Quagsire|Scald|p1a: Cresselia
|-damage|p1a: Cresselia|254/323 brn
|
|-heal|p1a: Cresselia|274/323 brn|[from] item: Leftovers
|-damage|p1a: Cresselia|254/323 brn|[from] brn
|upkeep
|turn|69
|
|t:|1685542156
|move|p1a: Cresselia|Calm Mind|p1a: Cresselia
|-boost|p1a: Cresselia|spa|0
|-boost|p1a: Cresselia|spd|0
|move|p2a: Quagsire|Scald|p1a: Cresselia
|-damage|p1a: Cresselia|235/323 brn
|
|-heal|p1a: Cresselia|255/323 brn|[from] item: Leftovers
|-damage|p1a: Cresselia|235/323 brn|[from] brn
|upkeep
|turn|70
|inactive|69barney has 270 seconds left.
|
|t:|1685542193
|switch|p2a: Raichu|Raichu-Alola, L84, M|238/238
|move|p1a: Cresselia|Calm Mind|p1a: Cresselia
|-boost|p1a: Cresselia|spa|0
|-boost|p1a: Cresselia|spd|0
|
|-heal|p1a: Cresselia|255/323 brn|[from] item: Leftovers
|-damage|p1a: Cresselia|235/323 brn|[from] brn
|upkeep
|turn|71
|inactive|69barney has 270 seconds left.
|inactive|querinoSEXO has 270 seconds left.
|
|t:|1685542210
|move|p2a: Raichu|Thunderbolt|p1a: Cresselia
|-damage|p1a: Cresselia|210/323 brn
|-damage|p2a: Raichu|215/238|[from] item: Life Orb
|move|p1a: Cresselia|Moonblast|p2a: Raichu
|-damage|p2a: Raichu|23/238
|-unboost|p2a: Raichu|spa|1
|
|-heal|p1a: Cresselia|230/323 brn|[from] item: Leftovers
|-damage|p1a: Cresselia|210/323 brn|[from] brn
|upkeep
|turn|72
|inactive|querinoSEXO has 270 seconds left.
|
|t:|1685542222
|move|p2a: Raichu|Grass Knot|p1a: Cresselia
|-damage|p1a: Cresselia|200/323 brn
|-damage|p2a: Raichu|0 fnt|[from] item: Life Orb
|faint|p2a: Raichu
|move|p1a: Cresselia|Psyshock|p2: Raichu|[notarget]
|-fail|p1a: Cresselia
|
|-heal|p1a: Cresselia|220/323 brn|[from] item: Leftovers
|-damage|p1a: Cresselia|200/323 brn|[from] brn
|upkeep
|
|t:|1685542246
|switch|p2a: Oranguru|Oranguru, L86, F|144/295
|turn|73
|inactive|69barney has 240 seconds left.
|inactive|69barney has 210 seconds left.
|inactive|69barney has 180 seconds left.
|inactive|69barney has 150 seconds left.
|
|t:|1685542351
|move|p1a: Cresselia|Moonblast|p2a: Oranguru
|-damage|p2a: Oranguru|0 fnt
|faint|p2a: Oranguru
|
|-heal|p1a: Cresselia|220/323 brn|[from] item: Leftovers
|-damage|p1a: Cresselia|200/323 brn|[from] brn
|upkeep
|inactive|69barney has 150 seconds left.
|
|t:|1685542358
|switch|p2a: Entei|Entei, L78|25/307
|turn|74
|
|t:|1685542365
|move|p2a: Entei|Flare Blitz|p1a: Cresselia
|-damage|p1a: Cresselia|34/323 brn
|-damage|p2a: Entei|0 fnt|[from] Recoil
|faint|p2a: Entei
|move|p1a: Cresselia|Moonblast|p2: Entei|[notarget]
|-fail|p1a: Cresselia
|
|-heal|p1a: Cresselia|54/323 brn|[from] item: Leftovers
|-damage|p1a: Cresselia|34/323 brn|[from] brn
|upkeep
|
|t:|1685542374
|switch|p2a: Quagsire|Quagsire, L84, M|297/297
|turn|75
|
|t:|1685542379
|move|p1a: Cresselia|Moonlight|p1a: Cresselia
|-heal|p1a: Cresselia|195/323 brn
|move|p2a: Quagsire|Earthquake|p1a: Cresselia
|-immune|p1a: Cresselia|[from] ability: Levitate
|
|-heal|p1a: Cresselia|215/323 brn|[from] item: Leftovers
|-damage|p1a: Cresselia|195/323 brn|[from] brn
|upkeep
|turn|76
|
|t:|1685542391
|move|p1a: Cresselia|Psyshock|p2a: Quagsire
|-damage|p2a: Quagsire|231/297
|move|p2a: Quagsire|Earthquake|p1a: Cresselia
|-immune|p1a: Cresselia|[from] ability: Levitate
|
|-heal|p1a: Cresselia|215/323 brn|[from] item: Leftovers
|-heal|p2a: Quagsire|249/297|[from] item: Leftovers
|-damage|p1a: Cresselia|195/323 brn|[from] brn
|upkeep
|turn|77
|
|t:|1685542402
|move|p1a: Cresselia|Calm Mind|p1a: Cresselia
|-boost|p1a: Cresselia|spa|0
|-boost|p1a: Cresselia|spd|0
|move|p2a: Quagsire|Earthquake|p1a: Cresselia
|-immune|p1a: Cresselia|[from] ability: Levitate
|
|-heal|p1a: Cresselia|215/323 brn|[from] item: Leftovers
|-heal|p2a: Quagsire|267/297|[from] item: Leftovers
|-damage|p1a: Cresselia|195/323 brn|[from] brn
|upkeep
|turn|78
|
|t:|1685542413
|move|p1a: Cresselia|Calm Mind|p1a: Cresselia
|-boost|p1a: Cresselia|spa|0
|-boost|p1a: Cresselia|spd|0
|move|p2a: Quagsire|Earthquake|p1a: Cresselia
|-immune|p1a: Cresselia|[from] ability: Levitate
|
|-heal|p1a: Cresselia|215/323 brn|[from] item: Leftovers
|-heal|p2a: Quagsire|285/297|[from] item: Leftovers
|-damage|p1a: Cresselia|195/323 brn|[from] brn
|upkeep
|turn|79
|
|t:|1685542427
|move|p1a: Cresselia|Calm Mind|p1a: Cresselia
|-boost|p1a: Cresselia|spa|0
|-boost|p1a: Cresselia|spd|0
|move|p2a: Quagsire|Earthquake|p1a: Cresselia
|-immune|p1a: Cresselia|[from] ability: Levitate
|
|-heal|p1a: Cresselia|215/323 brn|[from] item: Leftovers
|-heal|p2a: Quagsire|297/297|[from] item: Leftovers
|-damage|p1a: Cresselia|195/323 brn|[from] brn
|upkeep
|turn|80
|inactive|69barney has 150 seconds left.
|
|t:|1685542453
|move|p1a: Cresselia|Psyshock|p2a: Quagsire
|-damage|p2a: Quagsire|233/297
|move|p2a: Quagsire|Earthquake|p1a: Cresselia
|-immune|p1a: Cresselia|[from] ability: Levitate
|
|-heal|p1a: Cresselia|215/323 brn|[from] item: Leftovers
|-heal|p2a: Quagsire|251/297|[from] item: Leftovers
|-damage|p1a: Cresselia|195/323 brn|[from] brn
|upkeep
|turn|81
|inactive|69barney has 150 seconds left.
|
|t:|1685542466
|move|p1a: Cresselia|Calm Mind|p1a: Cresselia
|-boost|p1a: Cresselia|spa|0
|-boost|p1a: Cresselia|spd|0
|move|p2a: Quagsire|Earthquake|p1a: Cresselia
|-immune|p1a: Cresselia|[from] ability: Levitate
|
|-heal|p1a: Cresselia|215/323 brn|[from] item: Leftovers
|-heal|p2a: Quagsire|269/297|[from] item: Leftovers
|-damage|p1a: Cresselia|195/323 brn|[from] brn
|upkeep
|turn|82
|inactive|69barney has 150 seconds left.
|
|t:|1685542477
|move|p1a: Cresselia|Calm Mind|p1a: Cresselia
|-boost|p1a: Cresselia|spa|0
|-boost|p1a: Cresselia|spd|0
|move|p2a: Quagsire|Earthquake|p1a: Cresselia
|-immune|p1a: Cresselia|[from] ability: Levitate
|
|-heal|p1a: Cresselia|215/323 brn|[from] item: Leftovers
|-heal|p2a: Quagsire|287/297|[from] item: Leftovers
|-damage|p1a: Cresselia|195/323 brn|[from] brn
|upkeep
|turn|83
|inactive|69barney has 150 seconds left.
|
|t:|1685542488
|move|p1a: Cresselia|Calm Mind|p1a: Cresselia
|-boost|p1a: Cresselia|spa|0
|-boost|p1a: Cresselia|spd|0
|move|p2a: Quagsire|Earthquake|p1a: Cresselia
|-immune|p1a: Cresselia|[from] ability: Levitate
|
|-heal|p1a: Cresselia|215/323 brn|[from] item: Leftovers
|-heal|p2a: Quagsire|297/297|[from] item: Leftovers
|-damage|p1a: Cresselia|195/323 brn|[from] brn
|upkeep
|turn|84
|inactiveoff|Battle timer is now OFF.
|
|t:|1685542501
|move|p1a: Cresselia|Calm Mind|p1a: Cresselia
|-boost|p1a: Cresselia|spa|0
|-boost|p1a: Cresselia|spd|0
|move|p2a: Quagsire|Earthquake|p1a: Cresselia
|-immune|p1a: Cresselia|[from] ability: Levitate
|
|-heal|p1a: Cresselia|215/323 brn|[from] item: Leftovers
|-damage|p1a: Cresselia|195/323 brn|[from] brn
|upkeep
|turn|85
|
|t:|1685542509
|move|p1a: Cresselia|Calm Mind|p1a: Cresselia
|-boost|p1a: Cresselia|spa|0
|-boost|p1a: Cresselia|spd|0
|move|p2a: Quagsire|Earthquake|p1a: Cresselia
|-immune|p1a: Cresselia|[from] ability: Levitate
|
|-heal|p1a: Cresselia|215/323 brn|[from] item: Leftovers
|-damage|p1a: Cresselia|195/323 brn|[from] brn
|upkeep
|turn|86
|
|t:|1685542519
|move|p1a: Cresselia|Calm Mind|p1a: Cresselia
|-boost|p1a: Cresselia|spa|0
|-boost|p1a: Cresselia|spd|0
|move|p2a: Quagsire|Earthquake|p1a: Cresselia
|-immune|p1a: Cresselia|[from] ability: Levitate
|
|-heal|p1a: Cresselia|215/323 brn|[from] item: Leftovers
|-damage|p1a: Cresselia|195/323 brn|[from] brn
|upkeep
|turn|87
|
|t:|1685542532
|move|p1a: Cresselia|Calm Mind|p1a: Cresselia
|-boost|p1a: Cresselia|spa|0
|-boost|p1a: Cresselia|spd|0
|move|p2a: Quagsire|Earthquake|p1a: Cresselia
|-immune|p1a: Cresselia|[from] ability: Levitate
|
|-heal|p1a: Cresselia|215/323 brn|[from] item: Leftovers
|-damage|p1a: Cresselia|195/323 brn|[from] brn
|upkeep
|turn|88
|
|t:|1685542544
|move|p1a: Cresselia|Calm Mind|p1a: Cresselia
|-boost|p1a: Cresselia|spa|0
|-boost|p1a: Cresselia|spd|0
|move|p2a: Quagsire|Earthquake|p1a: Cresselia
|-immune|p1a: Cresselia|[from] ability: Levitate
|
|-heal|p1a: Cresselia|215/323 brn|[from] item: Leftovers
|-damage|p1a: Cresselia|195/323 brn|[from] brn
|upkeep
|turn|89
|
|t:|1685542553
|move|p1a: Cresselia|Calm Mind|p1a: Cresselia
|-boost|p1a: Cresselia|spa|0
|-boost|p1a: Cresselia|spd|0
|move|p2a: Quagsire|Earthquake|p1a: Cresselia
|-immune|p1a: Cresselia|[from] ability: Levitate
|
|-heal|p1a: Cresselia|215/323 brn|[from] item: Leftovers
|-damage|p1a: Cresselia|195/323 brn|[from] brn
|upkeep
|turn|90
|
|t:|1685542565
|switch|p1a: Entei|Entei, L78|307/307
|move|p2a: Quagsire|Recover||[still]
|-fail|p2a: Quagsire|heal
|
|upkeep
|turn|91
|
|t:|1685542575
|move|p1a: Entei|Stone Edge|p2a: Quagsire
|-resisted|p2a: Quagsire
|-damage|p2a: Quagsire|243/297
|move|p2a: Quagsire|Recover|p2a: Quagsire
|-heal|p2a: Quagsire|297/297
|
|upkeep
|turn|92
|
|t:|1685542583
|move|p1a: Entei|Stone Edge|p2a: Quagsire
|-resisted|p2a: Quagsire
|-damage|p2a: Quagsire|246/297
|move|p2a: Quagsire|Recover|p2a: Quagsire
|-heal|p2a: Quagsire|297/297
|
|upkeep
|turn|93
|
|t:|1685542589
|move|p1a: Entei|Stone Edge|p2a: Quagsire
|-resisted|p2a: Quagsire
|-damage|p2a: Quagsire|240/297
|move|p2a: Quagsire|Recover|p2a: Quagsire
|-heal|p2a: Quagsire|297/297
|
|upkeep
|turn|94
|
|t:|1685542595
|move|p1a: Entei|Stone Edge|p2a: Quagsire
|-resisted|p2a: Quagsire
|-damage|p2a: Quagsire|239/297
|move|p2a: Quagsire|Recover|p2a: Quagsire
|-heal|p2a: Quagsire|297/297
|
|upkeep
|turn|95
|
|t:|1685542602
|move|p1a: Entei|Stone Edge|p2a: Quagsire
|-resisted|p2a: Quagsire
|-damage|p2a: Quagsire|238/297
|move|p2a: Quagsire|Recover|p2a: Quagsire
|-heal|p2a: Quagsire|297/297
|
|upkeep
|turn|96
|
|t:|1685542609
|move|p1a: Entei|Stone Edge|p2a: Quagsire
|-resisted|p2a: Quagsire
|-damage|p2a: Quagsire|246/297
|move|p2a: Quagsire|Recover|p2a: Quagsire
|-heal|p2a: Quagsire|297/297
|
|upkeep
|turn|97
|
|t:|1685542615
|move|p1a: Entei|Stone Edge|p2a: Quagsire
|-resisted|p2a: Quagsire
|-damage|p2a: Quagsire|241/297
|move|p2a: Quagsire|Recover|p2a: Quagsire
|-heal|p2a: Quagsire|297/297
|
|upkeep
|turn|98
|
|t:|1685542622
|move|p1a: Entei|Stone Edge|p2a: Quagsire
|-resisted|p2a: Quagsire
|-damage|p2a: Quagsire|247/297
|move|p2a: Quagsire|Recover|p2a: Quagsire
|-heal|p2a: Quagsire|297/297
|
|upkeep
|turn|99
|
|t:|1685542631
|-activate|p1a: Entei|move: Struggle
|move|p1a: Entei|Struggle|p2a: Quagsire
|-damage|p2a: Quagsire|246/297
|-damage|p1a: Entei|230/307|[from] recoil
|-activate|p2a: Quagsire|move: Struggle
|move|p2a: Quagsire|Struggle|p1a: Entei
|-damage|p1a: Entei|195/307
|-damage|p2a: Quagsire|172/297|[from] recoil
|
|-heal|p2a: Quagsire|190/297|[from] item: Leftovers
|upkeep
|turn|100
|
|t:|1685542645
|switch|p1a: Cresselia|Cresselia, L80, F|195/323 brn
|-activate|p2a: Quagsire|move: Struggle
|move|p2a: Quagsire|Struggle|p1a: Cresselia
|-damage|p1a: Cresselia|168/323 brn
|-damage|p2a: Quagsire|116/297|[from] recoil
|
|-heal|p1a: Cresselia|188/323 brn|[from] item: Leftovers
|-heal|p2a: Quagsire|134/297|[from] item: Leftovers
|-damage|p1a: Cresselia|168/323 brn|[from] brn
|upkeep
|turn|101
|
|t:|1685542656
|move|p1a: Cresselia|Moonlight|p1a: Cresselia
|-heal|p1a: Cresselia|323/323 brn
|-activate|p2a: Quagsire|move: Struggle
|move|p2a: Quagsire|Struggle|p1a: Cresselia
|-damage|p1a: Cresselia|298/323 brn
|-damage|p2a: Quagsire|60/297|[from] recoil
|
|-heal|p1a: Cresselia|318/323 brn|[from] item: Leftovers
|-heal|p2a: Quagsire|78/297|[from] item: Leftovers
|-damage|p1a: Cresselia|298/323 brn|[from] brn
|upkeep
|turn|102
|
|t:|1685542668
|move|p1a: Cresselia|Calm Mind|p1a: Cresselia
|-boost|p1a: Cresselia|spa|1
|-boost|p1a: Cresselia|spd|1
|-activate|p2a: Quagsire|move: Struggle
|move|p2a: Quagsire|Struggle|p1a: Cresselia
|-damage|p1a: Cresselia|273/323 brn
|-damage|p2a: Quagsire|4/297|[from] recoil
|
|-heal|p1a: Cresselia|293/323 brn|[from] item: Leftovers
|-heal|p2a: Quagsire|22/297|[from] item: Leftovers
|-damage|p1a: Cresselia|273/323 brn|[from] brn
|upkeep
|turn|103
|
|t:|1685542679
|move|p1a: Cresselia|Calm Mind|p1a: Cresselia
|-boost|p1a: Cresselia|spa|1
|-boost|p1a: Cresselia|spd|1
|-activate|p2a: Quagsire|move: Struggle
|move|p2a: Quagsire|Struggle|p1a: Cresselia
|-damage|p1a: Cresselia|248/323 brn
|-damage|p2a: Quagsire|0 fnt|[from] recoil
|faint|p2a: Quagsire
|
|win|querinoSEXO
