{"id": "gen8randombattle-1272437136", "p1": "Lycandusk", "p2": "Sir Missalot III", "format": "[Gen 8] Random Battle", "log": "|j|\u2606Lycandusk\n|j|\u2606Sir Missalot III\n|t:|1611999810\n|player|p1|Lycandusk|kahili|2424\n|player|p2|Sir Missalot III|ghetsis|2420\n|teamsize|p1|6\n|teamsize|p2|6\n|gametype|singles\n|gen|8\n|tier|[Gen 8] Random Battle\n|rated|\n|rule|Species Clause: Limit one of each Pok\u00e9mon\n|rule|HP Percentage Mod: HP is shown in percentages\n|rule|Sleep Clause Mod: Limit one foe put to sleep\n|\n|t:|1611999810\n|start\n|switch|p1a: Tsareena|Tsareena, L86, F|264/264\n|switch|p2a: Pinsir|Pinsir, L86, F|251/251\n|turn|1\n|inactive|Battle timer is ON: inactive players will automatically lose when time's up. (requested by Sir Missalot III)\n|\n|t:|1611999831\n|switch|p1a: Skarmory|Skarmory, L82, M|241/241\n|move|p2a: Pinsir|Knock Off|p1a: Skarmory\n|-damage|p1a: Skarmory|144/241\n|-enditem|p1a: Skarmory|Leftovers|[from] move: Knock Off|[of] p2a: Pinsir\n|\n|upkeep\n|turn|2\n|\n|t:|1611999849\n|switch|p2a: Cinderace|Cinderace, L78, M|253/253\n|move|p1a: Skarmory|Roost|p1a: Skarmory\n|-heal|p1a: Skarmory|241/241\n|-singleturn|p1a: Skarmory|move: Roost\n|\n|upkeep\n|turn|3\n|\n|t:|1611999857\n|switch|p1a: Carbink|Carbink, L88|231/231\n|move|p2a: Cinderace|Pyro Ball|p1a: Carbink\n|-resisted|p1a: Carbink\n|-damage|p1a: Carbink|192/231\n|\n|upkeep\n|turn|4\n|\n|t:|1611999866\n|move|p2a: Cinderace|Gunk Shot|p1a: Carbink\n|-start|p2a: Cinderace|typechange|Poison|[from] ability: Libero\n|-damage|p1a: Carbink|117/231\n|move|p1a: Carbink|Body Press|p2a: Cinderace\n|-resisted|p2a: Cinderace\n|-damage|p2a: Cinderace|202/253\n|\n|upkeep\n|turn|5\n|\n|t:|1611999881\n|move|p2a: Cinderace|U-turn|p1a: Carbink\n|-start|p2a: Cinderace|typechange|Bug|[from] ability: Libero\n|-resisted|p1a: Carbink\n|-damage|p1a: Carbink|93/231\n|\n|t:|1611999883\n|switch|p2a: Arctovish|Arctovish, L88|302/302\n|move|p1a: Carbink|Reflect|p1a: Carbink\n|-sidestart|p1: Lycandusk|Reflect\n|\n|upkeep\n|turn|6\n|inactive|Lycandusk has 120 seconds left.\n|\n|t:|1611999914\n|switch|p1a: Skarmory|Skarmory, L82, M|241/241\n|move|p2a: Arctovish|Fishious Rend|p1a: Skarmory\n|-damage|p1a: Skarmory|179/241\n|\n|upkeep\n|turn|7\n|\n|t:|1611999930\n|move|p1a: Skarmory|Brave Bird|p2a: Arctovish\n|-damage|p2a: Arctovish|206/302\n|-damage|p1a: Skarmory|147/241|[from] Recoil\n|move|p2a: Arctovish|Freeze-Dry|p1a: Skarmory\n|-damage|p1a: Skarmory|60/241\n|-status|p1a: Skarmory|frz\n|\n|upkeep\n|turn|8\n|c|\u2606Lycandusk|ye\n|inactive|Lycandusk has 120 seconds left.\n|c|\u2606Sir Missalot III|sorry\n|inactive|Sir Missalot III has 120 seconds left.\n|\n|t:|1611999955\n|cant|p1a: Skarmory|frz\n|move|p2a: Arctovish|Freeze-Dry|p1a: Skarmory\n|-damage|p1a: Skarmory|0 fnt\n|faint|p1a: Skarmory\n|\n|upkeep\n|\n|t:|1611999969\n|switch|p1a: Necrozma|Necrozma-Dawn-Wings, L78|279/279\n|turn|9\n|\n|t:|1611999978\n|switch|p2a: Moltres|Moltres-Galar, L78|267/267\n|move|p1a: Necrozma|Photon Geyser|p2a: Moltres\n|-immune|p2a: Moltres\n|\n|upkeep\n|turn|10\n|inactive|Lycandusk has 120 seconds left.\n|\n|t:|1611999989\n|switch|p1a: Sylveon|Sylveon, L86, F|304/304\n|move|p2a: Moltres|Nasty Plot|p2a: Moltres\n|-boost|p2a: Moltres|spa|2\n|\n|upkeep\n|turn|11\n|\n|t:|1612000000\n|-start|p2a: Moltres|Dynamax\n|-heal|p2a: Moltres|534/534|[silent]\n|move|p2a: Moltres|Max Airstream|p1a: Sylveon\n|-damage|p1a: Sylveon|117/304\n|-boost|p2a: Moltres|spe|1\n|move|p1a: Sylveon|Wish|p1a: Sylveon\n|\n|-heal|p1a: Sylveon|136/304|[from] item: Leftovers\n|upkeep\n|turn|12\n|\n|t:|1612000007\n|move|p1a: Sylveon|Protect|p1a: Sylveon\n|-singleturn|p1a: Sylveon|Protect\n|move|p2a: Moltres|Max Airstream|p1a: Sylveon\n|-zbroken|p1a: Sylveon\n|-damage|p1a: Sylveon|89/304\n|-boost|p2a: Moltres|spe|1\n|\n|-heal|p1a: Sylveon|241/304|[from] move: Wish|[wisher] Sylveon\n|-heal|p1a: Sylveon|260/304|[from] item: Leftovers\n|-sideend|p1: Lycandusk|Reflect\n|upkeep\n|turn|13\n|\n|t:|1612000024\n|switch|p1a: Carbink|Carbink, L88|93/231\n|move|p2a: Moltres|Max Airstream|p1a: Carbink\n|-resisted|p1a: Carbink\n|-damage|p1a: Carbink|12/231\n|-boost|p2a: Moltres|spe|1\n|\n|-end|p2a: Moltres|Dynamax\n|-heal|p2a: Moltres|267/267|[silent]\n|upkeep\n|turn|14\n|\n|t:|1612000032\n|switch|p1a: Sylveon|Sylveon, L86, F|260/304\n|move|p2a: Moltres|Fiery Wrath|p1a: Sylveon\n|-resisted|p1a: Sylveon\n|-damage|p1a: Sylveon|197/304\n|\n|-heal|p1a: Sylveon|216/304|[from] item: Leftovers\n|upkeep\n|turn|15\n|\n|t:|1612000038\n|move|p2a: Moltres|Hurricane|p1a: Sylveon|[miss]\n|-miss|p2a: Moltres|p1a: Sylveon\n|move|p1a: Sylveon|Wish|p1a: Sylveon\n|\n|-heal|p1a: Sylveon|235/304|[from] item: Leftovers\n|upkeep\n|turn|16\n|\n|t:|1612000043\n|move|p2a: Moltres|Hurricane|p1a: Sylveon|[miss]\n|-miss|p2a: Moltres|p1a: Sylveon\n|move|p1a: Sylveon|Calm Mind|p1a: Sylveon\n|-boost|p1a: Sylveon|spa|1\n|-boost|p1a: Sylveon|spd|1\n|\n|-heal|p1a: Sylveon|304/304|[from] move: Wish|[wisher] Sylveon\n|upkeep\n|turn|17\n|c|\u2606Sir Missalot III|that should make it up for the freeze :)\n|\n|t:|1612000061\n|move|p2a: Moltres|Nasty Plot|p2a: Moltres\n|-boost|p2a: Moltres|spa|2\n|move|p1a: Sylveon|Hyper Voice|p2a: Moltres\n|-supereffective|p2a: Moltres\n|-damage|p2a: Moltres|0 fnt\n|faint|p2a: Moltres\n|\n|upkeep\n|\n|t:|1612000071\n|switch|p2a: Cinderace|Cinderace, L78, M|202/253\n|turn|18\n|\n|t:|1612000074\n|move|p1a: Sylveon|Protect|p1a: Sylveon\n|-singleturn|p1a: Sylveon|Protect\n|move|p2a: Cinderace|Gunk Shot|p1a: Sylveon\n|-start|p2a: Cinderace|typechange|Poison|[from] ability: Libero\n|-activate|p1a: Sylveon|move: Protect\n|\n|upkeep\n|turn|19\n|\n|t:|1612000080\n|switch|p1a: Carbink|Carbink, L88|12/231\n|move|p2a: Cinderace|Gunk Shot|p1a: Carbink|[miss]\n|-miss|p2a: Cinderace|p1a: Carbink\n|\n|upkeep\n|turn|20\n|\n|t:|1612000107\n|move|p2a: Cinderace|Pyro Ball|p1a: Carbink\n|-start|p2a: Cinderace|typechange|Fire|[from] ability: Libero\n|-resisted|p1a: Carbink\n|-damage|p1a: Carbink|0 fnt\n|faint|p1a: Carbink\n|\n|upkeep\n|\n|t:|1612000114\n|switch|p1a: Necrozma|Necrozma-Dawn-Wings, L78|279/279\n|turn|21\n|\n|t:|1612000126\n|move|p2a: Cinderace|U-turn|p1a: Necrozma\n|-start|p2a: Cinderace|typechange|Bug|[from] ability: Libero\n|-damage|p1a: Necrozma|213/279\n|\n|t:|1612000128\n|switch|p2a: Pinsir|Pinsir, L86, F|251/251\n|move|p1a: Necrozma|Stealth Rock|p2a: Pinsir\n|-sidestart|p2: Sir Missalot III|move: Stealth Rock\n|\n|-heal|p1a: Necrozma|230/279|[from] item: Leftovers\n|upkeep\n|turn|22\n|\n|t:|1612000136\n|switch|p1a: Exeggutor|Exeggutor-Alola, L88, F|310/310\n|-item|p2a: Pinsir|Choice Band|[from] ability: Frisk|[of] p1a: Exeggutor|[identify]\n|move|p2a: Pinsir|Knock Off|p1a: Exeggutor\n|-damage|p1a: Exeggutor|182/310\n|-enditem|p1a: Exeggutor|Life Orb|[from] move: Knock Off|[of] p2a: Pinsir\n|\n|upkeep\n|turn|23\n|\n|t:|1612000149\n|switch|p2a: Cinderace|Cinderace, L78, M|202/253\n|move|p1a: Exeggutor|Trick Room|p1a: Exeggutor\n|-fieldstart|move: Trick Room|[of] p1a: Exeggutor\n|\n|upkeep\n|turn|24\n|\n|t:|1612000170\n|switch|p2a: Arctovish|Arctovish, L88|206/302\n|-damage|p2a: Arctovish|131/302|[from] Stealth Rock\n|-start|p1a: Exeggutor|Dynamax\n|-heal|p1a: Exeggutor|364/620|[silent]\n|move|p1a: Exeggutor|Max Wyrmwind|p2a: Arctovish\n|-damage|p2a: Arctovish|11/302\n|-unboost|p2a: Arctovish|atk|1\n|\n|upkeep\n|turn|25\n|\n|t:|1612000183\n|move|p1a: Exeggutor|Max Overgrowth|p2a: Arctovish\n|-supereffective|p2a: Arctovish\n|-damage|p2a: Arctovish|0 fnt\n|-fieldstart|move: Grassy Terrain\n|faint|p2a: Arctovish\n|\n|-heal|p1a: Exeggutor|383/620|[from] Grassy Terrain\n|upkeep\n|\n|t:|1612000200\n|switch|p2a: Golurk|Golurk, L84|287/287\n|-damage|p2a: Golurk|270/287|[from] Stealth Rock\n|turn|26\n|\n|t:|1612000210\n|move|p1a: Exeggutor|Max Flare|p2a: Golurk\n|-damage|p2a: Golurk|138/287\n|-weather|SunnyDay\n|move|p2a: Golurk|Poltergeist||[still]\n|-fail|p2a: Golurk\n|\n|-weather|SunnyDay|[upkeep]\n|-heal|p1a: Exeggutor|402/620|[from] Grassy Terrain\n|-heal|p2a: Golurk|155/287|[from] Grassy Terrain\n|-end|p1a: Exeggutor|Dynamax\n|-heal|p1a: Exeggutor|201/310|[silent]\n|upkeep\n|turn|27\n|\n|t:|1612000231\n|move|p2a: Golurk|Rock Polish|p2a: Golurk\n|-boost|p2a: Golurk|spe|2\n|move|p1a: Exeggutor|Trick Room|p1a: Exeggutor\n|-fieldend|move: Trick Room\n|\n|-weather|SunnyDay|[upkeep]\n|-heal|p2a: Golurk|172/287|[from] Grassy Terrain\n|-heal|p1a: Exeggutor|220/310|[from] Grassy Terrain\n|upkeep\n|turn|28\n|\n|t:|1612000242\n|move|p2a: Golurk|Stone Edge|p1a: Exeggutor\n|-damage|p1a: Exeggutor|113/310\n|-damage|p2a: Golurk|144/287|[from] item: Life Orb\n|move|p1a: Exeggutor|Trick Room|p1a: Exeggutor\n|-fieldstart|move: Trick Room|[of] p1a: Exeggutor\n|\n|-weather|SunnyDay|[upkeep]\n|-heal|p1a: Exeggutor|132/310|[from] Grassy Terrain\n|-heal|p2a: Golurk|161/287|[from] Grassy Terrain\n|upkeep\n|turn|29\n|\n|t:|1612000248\n|move|p1a: Exeggutor|Flamethrower|p2a: Golurk\n|-damage|p2a: Golurk|34/287\n|-status|p2a: Golurk|brn\n|move|p2a: Golurk|Stone Edge|p1a: Exeggutor\n|-damage|p1a: Exeggutor|83/310\n|-damage|p2a: Golurk|6/287 brn|[from] item: Life Orb\n|\n|-weather|SunnyDay|[upkeep]\n|-heal|p1a: Exeggutor|102/310|[from] Grassy Terrain\n|-heal|p2a: Golurk|23/287 brn|[from] Grassy Terrain\n|-fieldend|move: Grassy Terrain\n|-damage|p2a: Golurk|6/287 brn|[from] brn\n|upkeep\n|turn|30\n|\n|t:|1612000254\n|move|p1a: Exeggutor|Flamethrower|p2a: Golurk\n|-damage|p2a: Golurk|0 fnt\n|faint|p2a: Golurk\n|\n|-weather|none\n|upkeep\n|\n|t:|1612000261\n|switch|p2a: Cinderace|Cinderace, L78, M|202/253\n|turn|31\n|\n|t:|1612000267\n|move|p1a: Exeggutor|Draco Meteor|p2a: Cinderace\n|-damage|p2a: Cinderace|0 fnt\n|-unboost|p1a: Exeggutor|spa|2\n|faint|p2a: Cinderace\n|\n|upkeep\n|\n|t:|1612000286\n|switch|p2a: Pinsir|Pinsir, L86, F|251/251\n|-damage|p2a: Pinsir|189/251|[from] Stealth Rock\n|turn|32\n|\n|t:|1612000292\n|switch|p1a: Sylveon|Sylveon, L86, F|304/304\n|move|p2a: Pinsir|X-Scissor|p1a: Sylveon\n|-resisted|p1a: Sylveon\n|-damage|p1a: Sylveon|206/304\n|\n|-heal|p1a: Sylveon|225/304|[from] item: Leftovers\n|-fieldend|move: Trick Room\n|upkeep\n|turn|33\n|\n|t:|1612000297\n|move|p2a: Pinsir|X-Scissor|p1a: Sylveon\n|-resisted|p1a: Sylveon\n|-damage|p1a: Sylveon|122/304\n|move|p1a: Sylveon|Wish|p1a: Sylveon\n|\n|-heal|p1a: Sylveon|141/304|[from] item: Leftovers\n|upkeep\n|turn|34\n|\n|t:|1612000309\n|move|p1a: Sylveon|Protect|p1a: Sylveon\n|-singleturn|p1a: Sylveon|Protect\n|move|p2a: Pinsir|X-Scissor|p1a: Sylveon\n|-activate|p1a: Sylveon|move: Protect\n|\n|-heal|p1a: Sylveon|293/304|[from] move: Wish|[wisher] Sylveon\n|-heal|p1a: Sylveon|304/304|[from] item: Leftovers\n|upkeep\n|turn|35\n|\n|t:|1612000311\n|move|p2a: Pinsir|X-Scissor|p1a: Sylveon\n|-resisted|p1a: Sylveon\n|-damage|p1a: Sylveon|213/304\n|move|p1a: Sylveon|Wish|p1a: Sylveon\n|\n|-heal|p1a: Sylveon|232/304|[from] item: Leftovers\n|upkeep\n|turn|36\n|\n|t:|1612000315\n|move|p2a: Pinsir|X-Scissor|p1a: Sylveon\n|-resisted|p1a: Sylveon\n|-damage|p1a: Sylveon|139/304\n|move|p1a: Sylveon|Calm Mind|p1a: Sylveon\n|-boost|p1a: Sylveon|spa|1\n|-boost|p1a: Sylveon|spd|1\n|\n|-heal|p1a: Sylveon|291/304|[from] move: Wish|[wisher] Sylveon\n|-heal|p1a: Sylveon|304/304|[from] item: Leftovers\n|upkeep\n|turn|37\n|\n|t:|1612000319\n|switch|p2a: Rayquaza|Rayquaza, L76|285/285\n|-ability|p2a: Rayquaza|Air Lock\n|move|p1a: Sylveon|Wish|p1a: Sylveon\n|\n|upkeep\n|turn|38\n|\n|t:|1612000333\n|move|p2a: Rayquaza|Dragon Ascent|p1a: Sylveon\n|-damage|p1a: Sylveon|108/304\n|-unboost|p2a: Rayquaza|def|1\n|-unboost|p2a: Rayquaza|spd|1\n|move|p1a: Sylveon|Hyper Voice|p2a: Rayquaza\n|-supereffective|p2a: Rayquaza\n|-damage|p2a: Rayquaza|0 fnt\n|faint|p2a: Rayquaza\n|\n|-heal|p1a: Sylveon|260/304|[from] move: Wish|[wisher] Sylveon\n|-heal|p1a: Sylveon|279/304|[from] item: Leftovers\n|upkeep\n|\n|t:|1612000339\n|switch|p2a: Pinsir|Pinsir, L86, F|189/251\n|-damage|p2a: Pinsir|127/251|[from] Stealth Rock\n|turn|39\n|c|\u2606Sir Missalot III|welp gg\n|c|\u2606Lycandusk|gg\n|c|\u2606Sir Missalot III|my run ends here :(\n|\n|t:|1612000361\n|move|p1a: Sylveon|Protect|p1a: Sylveon\n|-singleturn|p1a: Sylveon|Protect\n|move|p2a: Pinsir|X-Scissor|p1a: Sylveon\n|-activate|p1a: Sylveon|move: Protect\n|\n|-heal|p1a: Sylveon|298/304|[from] item: Leftovers\n|upkeep\n|turn|40\n|c|\u2606Lycandusk|yeah i saw you're quite high\n|\n|t:|1612000374\n|move|p2a: Pinsir|X-Scissor|p1a: Sylveon\n|-resisted|p1a: Sylveon\n|-damage|p1a: Sylveon|197/304\n|move|p1a: Sylveon|Hyper Voice|p2a: Pinsir\n|-damage|p2a: Pinsir|0 fnt\n|faint|p2a: Pinsir\n|\n|win|Lycandusk\n|raw|Lycandusk's rating: 2425 &rarr; <strong>2445</strong><br />(+20 for winning)\n|raw|Sir Missalot III's rating: 2420 &rarr; <strong>2400</strong><br />(-20 for losing)\n|c|\u2606Sir Missalot III|was on a tear since yesterday\n|c|\u2606Sir Missalot III|damn 20 points for you\n|c|\u2606Sir Missalot III|dope\n|c|\u2606Lycandusk|yeah..haha\n|c|\u2606Lycandusk|really good effort from you though\n", "inputlog": ">version 1e830158db8205b3fb0d791d45b70fb0605f0bc4\n>version-origin 3e4aa91e85b0f66d64c99a1eef33e44a85b94f15\n>start {\"formatid\":\"gen8randombattle\",\"seed\":[39719,8105,53604,17780],\"rated\":\"Rated battle\"}\n>player p1 {\"name\":\"Lycandusk\",\"avatar\":\"kahili\",\"team\":\"\",\"rating\":2424,\"seed\":[59806,47903,4843,8917]}\n>player p2 {\"name\":\"Sir Missalot III\",\"avatar\":\"ghetsis\",\"team\":\"\",\"rating\":2420,\"seed\":[46959,38248,47994,47158]}\n>p1 switch 6\n>p2 move knockoff\n>p1 move roost\n>p2 switch 3\n>p1 switch 2\n>p2 move pyroball\n>p1 move bodypress\n>p2 move gunkshot\n>p1 move reflect\n>p2 move uturn\n>p2 switch 5\n>p1 switch 2\n>p2 move fishiousrend\n>p1 move bravebird\n>p2 move freezedry\n>chat \u2606Lycandusk|ye\n>chat \u2606Sir Missalot III|sorry\n>p1 move roost\n>p2 move freezedry\n>p1 switch 4\n>p1 move photongeyser\n>p2 switch 4\n>p1 switch 5\n>p2 move nastyplot\n>p1 move wish\n>p2 move hurricane dynamax\n>p1 move protect\n>p2 move hurricane dynamax\n>p1 switch 2\n>p2 move hurricane dynamax\n>p1 switch 2\n>p2 move fierywrath\n>p1 move wish\n>p2 move hurricane\n>p1 move calmmind\n>p2 move hurricane\n>chat \u2606Sir Missalot III|that should make it up for the freeze :)\n>p1 move hypervoice\n>p2 move nastyplot\n>p2 switch 5\n>p1 move protect\n>p2 move gunkshot\n>p1 switch 2\n>p2 move gunkshot\n>p1 move bodypress\n>p2 move pyroball\n>p1 switch 5\n>p1 move stealthrock\n>p2 move uturn\n>p2 switch 3\n>p1 switch 3\n>p2 move knockoff\n>p1 move trickroom\n>p2 switch 3\n>p1 move dracometeor dynamax\n>p2 switch 4\n>p1 move leafstorm dynamax\n>p2 move freezedry\n>p2 switch 2\n>p1 move flamethrower dynamax\n>p2 move poltergeist\n>p1 move trickroom\n>p2 move rockpolish\n>p1 move trickroom\n>p2 move stoneedge\n>p1 move flamethrower\n>p2 move stoneedge\n>p1 move flamethrower\n>p2 move stoneedge\n>p2 switch 4\n>p1 move dracometeor\n>p2 move uturn\n>p2 switch 3\n>p1 switch 2\n>p2 move xscissor\n>p1 move wish\n>p2 move xscissor\n>p1 move protect\n>p2 move xscissor\n>p1 move wish\n>p2 move xscissor\n>p1 move calmmind\n>p2 move xscissor\n>p1 move wish\n>p2 switch 6\n>p1 move hypervoice\n>p2 move dragonascent\n>p2 switch 6\n>chat \u2606Sir Missalot III|welp gg\n>chat \u2606Lycandusk|gg\n>chat \u2606Sir Missalot III|my run ends here :(\n>p1 move protect\n>p2 move xscissor\n>chat \u2606Lycandusk|yeah i saw you're quite high \n>p1 move hypervoice\n>p2 move xscissor", "uploadtime": 1612000412, "views": 41, "p1id": "lycandusk", "p2id": "sirmissalotiii", "formatid": "gen8randombattle", "rating": 2400, "private": 0, "password": null}