{"id": "gen8randombattle-1875043560", "p1": "Aadi256", "p2": "iTec", "format": "[Gen 8] Random Battle", "log": "|j|\u2606Aadi256\n|j|\u2606iTec\n|t:|1685563089\n|gametype|singles\n|player|p1|Aadi256|shadowtriad|1218\n|player|p2|iTec|266|1298\n|teamsize|p1|6\n|teamsize|p2|6\n|gen|8\n|tier|[Gen 8] Random Battle\n|rated|\n|rule|Species Clause: Limit one of each Pok\u00e9mon\n|rule|HP Percentage Mod: HP is shown in percentages\n|rule|Sleep Clause Mod: Limit one foe put to sleep\n|\n|t:|1685563089\n|start\n|switch|p1a: Scolipede|Scolipede, L80, M|227/227\n|switch|p2a: Butterfree|Butterfree, L87, F|246/246\n|turn|1\n|\n|t:|1685563114\n|move|p1a: Scolipede|Toxic Spikes|p2a: Butterfree\n|-sidestart|p2: iTec|move: Toxic Spikes\n|move|p2a: Butterfree|Hurricane|p1a: Scolipede\n|-supereffective|p1a: Scolipede\n|-damage|p1a: Scolipede|0 fnt\n|faint|p1a: Scolipede\n|\n|upkeep\n|\n|t:|1685563128\n|switch|p1a: Rhydon|Rhydon, L87, M|324/324\n|turn|2\n|\n|t:|1685563134\n|move|p2a: Butterfree|Energy Ball|p1a: Rhydon\n|-supereffective|p1a: Rhydon\n|-damage|p1a: Rhydon|60/324\n|move|p1a: Rhydon|Stone Edge|p2a: Butterfree\n|-supereffective|p2a: Butterfree\n|-damage|p2a: Butterfree|0 fnt\n|faint|p2a: Butterfree\n|\n|upkeep\n|\n|t:|1685563152\n|switch|p2a: Clawitzer|Clawitzer, L84, F|256/256\n|-status|p2a: Clawitzer|psn\n|turn|3\n|\n|t:|1685563181\n|move|p2a: Clawitzer|U-turn|p1a: Rhydon\n|-damage|p1a: Rhydon|40/324\n|\n|t:|1685563185\n|switch|p2a: Claydol|Claydol, L86|243/243|[from] U-turn\n|move|p1a: Rhydon|Megahorn|p2a: Claydol\n|-supereffective|p2a: Claydol\n|-damage|p2a: Claydol|51/243\n|\n|-heal|p2a: Claydol|66/243|[from] item: Leftovers\n|upkeep\n|turn|4\n|\n|t:|1685563203\n|move|p2a: Claydol|Earthquake|p1a: Rhydon\n|-supereffective|p1a: Rhydon\n|-damage|p1a: Rhydon|0 fnt\n|faint|p1a: Rhydon\n|\n|-heal|p2a: Claydol|81/243|[from] item: Leftovers\n|upkeep\n|\n|t:|1685563233\n|switch|p1a: Solgaleo|Solgaleo, L72|316/316\n|turn|5\n|\n|t:|1685563249\n|move|p1a: Solgaleo|Knock Off|p2a: Claydol\n|-supereffective|p2a: Claydol\n|-damage|p2a: Claydol|0 fnt\n|-enditem|p2a: Claydol|Leftovers|[from] move: Knock Off|[of] p1a: Solgaleo\n|faint|p2a: Claydol\n|\n|upkeep\n|\n|t:|1685563270\n|switch|p2a: Clawitzer|Clawitzer, L84, F|256/256 psn\n|turn|6\n|\n|t:|1685563286\n|switch|p1a: Xatu|Xatu, L89, F|260/260\n|move|p2a: Clawitzer|Dark Pulse|p1a: Xatu\n|-supereffective|p1a: Xatu\n|-damage|p1a: Xatu|0 fnt\n|faint|p1a: Xatu\n|\n|-damage|p2a: Clawitzer|224/256 psn|[from] psn\n|upkeep\n|\n|t:|1685563294\n|switch|p1a: Swampert|Swampert, L80, F|291/291\n|turn|7\n|\n|t:|1685563325\n|switch|p2a: Vikavolt|Vikavolt, L82, F|260/260\n|move|p1a: Swampert|Earthquake|p2a: Vikavolt\n|-immune|p2a: Vikavolt|[from] ability: Levitate\n|\n|upkeep\n|turn|8\n|\n|t:|1685563342\n|move|p1a: Swampert|Toxic|p2a: Vikavolt\n|-status|p2a: Vikavolt|tox\n|move|p2a: Vikavolt|Sticky Web|p1a: Swampert\n|-sidestart|p1: Aadi256|move: Sticky Web\n|\n|-damage|p2a: Vikavolt|244/260 tox|[from] psn\n|upkeep\n|turn|9\n|\n|t:|1685563354\n|move|p1a: Swampert|Stealth Rock|p2a: Vikavolt\n|-sidestart|p2: iTec|move: Stealth Rock\n|move|p2a: Vikavolt|Bug Buzz|p1a: Swampert\n|-damage|p1a: Swampert|156/291\n|\n|-heal|p1a: Swampert|174/291|[from] item: Leftovers\n|-damage|p2a: Vikavolt|212/260 tox|[from] psn\n|upkeep\n|turn|10\n|\n|t:|1685563362\n|move|p1a: Swampert|Scald|p2a: Vikavolt\n|-damage|p2a: Vikavolt|125/260 tox\n|move|p2a: Vikavolt|Bug Buzz|p1a: Swampert\n|-damage|p1a: Swampert|41/291\n|\n|-heal|p1a: Swampert|59/291|[from] item: Leftovers\n|-damage|p2a: Vikavolt|77/260 tox|[from] psn\n|upkeep\n|turn|11\n|\n|t:|1685563374\n|move|p1a: Swampert|Scald|p2a: Vikavolt\n|-damage|p2a: Vikavolt|0 fnt\n|faint|p2a: Vikavolt\n|\n|-heal|p1a: Swampert|77/291|[from] item: Leftovers\n|upkeep\n|\n|t:|1685563391\n|switch|p2a: Clawitzer|Clawitzer, L84, F|224/256 psn\n|-damage|p2a: Clawitzer|192/256 psn|[from] Stealth Rock\n|turn|12\n|\n|t:|1685563402\n|move|p2a: Clawitzer|Dark Pulse|p1a: Swampert\n|-damage|p1a: Swampert|0 fnt\n|faint|p1a: Swampert\n|\n|-damage|p2a: Clawitzer|160/256 psn|[from] psn\n|upkeep\n|\n|t:|1685563416\n|switch|p1a: Farfetch\u2019d|Farfetch\u2019d, L90, M|239/239\n|turn|13\n|\n|t:|1685563455\n|move|p1a: Farfetch\u2019d|Leaf Blade|p2a: Clawitzer\n|-supereffective|p2a: Clawitzer\n|-crit|p2a: Clawitzer\n|-damage|p2a: Clawitzer|0 fnt\n|faint|p2a: Clawitzer\n|\n|upkeep\n|\n|t:|1685563469\n|switch|p2a: Aggron|Aggron, L85, M|258/258\n|-damage|p2a: Aggron|242/258|[from] Stealth Rock\n|-item|p2a: Aggron|Air Balloon\n|turn|14\n|\n|t:|1685563489\n|-start|p1a: Farfetch\u2019d|Dynamax|\n|-heal|p1a: Farfetch\u2019d|478/478|[silent]\n|move|p1a: Farfetch\u2019d|Max Knuckle|p2a: Aggron\n|-supereffective|p2a: Aggron\n|-damage|p2a: Aggron|62/258\n|-boost|p1a: Farfetch\u2019d|atk|1\n|-enditem|p2a: Aggron|Air Balloon\n|move|p2a: Aggron|Head Smash|p1a: Farfetch\u2019d|[miss]\n|-miss|p2a: Aggron|p1a: Farfetch\u2019d\n|\n|upkeep\n|turn|15\n|\n|t:|1685563505\n|move|p1a: Farfetch\u2019d|Max Knuckle|p2a: Aggron\n|-supereffective|p2a: Aggron\n|-damage|p2a: Aggron|0 fnt\n|-boost|p1a: Farfetch\u2019d|atk|1\n|faint|p2a: Aggron\n|\n|upkeep\n|\n|t:|1685563512\n|switch|p2a: Stunfisk|Stunfisk-Galar, L84, F|320/320\n|-damage|p2a: Stunfisk|310/320|[from] Stealth Rock\n|turn|16\n|-message|iTec forfeited.\n|\n|win|Aadi256\n|raw|Aadi256's rating: 1218 &rarr; <strong>1249</strong><br />(+31 for winning)\n|raw|iTec's rating: 1298 &rarr; <strong>1267</strong><br />(-31 for losing)\n|l|\u2606iTec\n", "inputlog": ">version df10212e8bfdc37bcabc8b288b8d2f3885a507ef\n>start {\"formatid\":\"gen8randombattle\",\"seed\":[16366,54562,59512,23289],\"rated\":\"Rated battle\"}\n>player p1 {\"name\":\"Aadi256\",\"avatar\":\"shadowtriad\",\"rating\":1218,\"seed\":[5076,17647,21086,57611]}\n>player p2 {\"name\":\"iTec\",\"avatar\":\"266\",\"rating\":1298,\"seed\":[37862,54400,60532,58273]}\n>p1 move toxicspikes\n>p2 move hurricane\n>p1 switch 5\n>p1 move stoneedge\n>p2 move energyball\n>p2 switch 4\n>p1 move megahorn\n>p2 move uturn\n>p2 switch 6\n>p1 move megahorn\n>p2 move earthquake\n>p1 switch 2\n>p1 move knockoff\n>p2 move earthquake\n>p2 switch 6\n>p1 switch 4\n>p2 move darkpulse\n>p1 switch 6\n>p1 move earthquake\n>p2 switch 5\n>p1 move toxic\n>p2 move stickyweb\n>p1 move stealthrock\n>p2 move bugbuzz\n>p1 move scald\n>p2 move bugbuzz\n>p1 move scald\n>p2 move bugbuzz\n>p2 switch 5\n>p1 move earthquake\n>p2 move darkpulse\n>p1 switch 3\n>p1 move leafblade\n>p2 move darkpulse\n>p2 switch 3\n>p1 move closecombat dynamax\n>p2 move headsmash\n>p1 move closecombat dynamax\n>p2 move headsmash\n>p2 switch 2\n>forcelose p2", "uploadtime": 1685563533, "views": 5, "p1id": "aadi256", "p2id": "itec", "formatid": "gen8randombattle", "rating": 1249, "private": 0, "password": ""}