{"id": "gen8randombattle-1871931283", "p1": "brofrfr", "p2": "Ignis7476", "format": "[Gen 8] Random Battle", "log": "|j|\u2606brofrfr\n|j|\u2606Ignis7476\n|t:|1685148821\n|gametype|singles\n|player|p1|brofrfr|n|1205\n|player|p2|Ignis7476|silver|1156\n|teamsize|p1|6\n|teamsize|p2|6\n|gen|8\n|tier|[Gen 8] Random Battle\n|rated|\n|rule|Species Clause: Limit one of each Pok\u00e9mon\n|rule|HP Percentage Mod: HP is shown in percentages\n|rule|Sleep Clause Mod: Limit one foe put to sleep\n|\n|t:|1685148821\n|start\n|switch|p1a: Stunfisk|Stunfisk, L84, M|320/320\n|switch|p2a: Turtonator|Turtonator, L84, F|238/238\n|turn|1\n|inactive|Battle timer is ON: inactive players will automatically lose when time's up. (requested by brofrfr)\n|\n|t:|1685148837\n|move|p2a: Turtonator|Shell Smash|p2a: Turtonator\n|-unboost|p2a: Turtonator|def|1\n|-unboost|p2a: Turtonator|spd|1\n|-boost|p2a: Turtonator|atk|2\n|-boost|p2a: Turtonator|spa|2\n|-boost|p2a: Turtonator|spe|2\n|-enditem|p2a: Turtonator|White Herb\n|-clearnegativeboost|p2a: Turtonator|[silent]\n|move|p1a: Stunfisk|Earth Power|p2a: Turtonator\n|-supereffective|p2a: Turtonator\n|-damage|p2a: Turtonator|56/238\n|\n|upkeep\n|turn|2\n|\n|t:|1685148848\n|move|p2a: Turtonator|Draco Meteor|p1a: Stunfisk\n|-damage|p1a: Stunfisk|79/320\n|-unboost|p2a: Turtonator|spa|2\n|move|p1a: Stunfisk|Stealth Rock|p2a: Turtonator\n|-sidestart|p2: Ignis7476|move: Stealth Rock\n|\n|-heal|p1a: Stunfisk|99/320|[from] item: Leftovers\n|upkeep\n|turn|3\n|\n|t:|1685148864\n|switch|p1a: Mimikyu|Mimikyu, L76, F|209/209\n|move|p2a: Turtonator|Draco Meteor|p1a: Mimikyu\n|-immune|p1a: Mimikyu\n|\n|upkeep\n|turn|4\n|\n|t:|1685148876\n|move|p2a: Turtonator|Earthquake|p1a: Mimikyu\n|-activate|p1a: Mimikyu|ability: Disguise\n|-damage|p1a: Mimikyu|209/209\n|detailschange|p1a: Mimikyu|Mimikyu-Busted, L76, F\n|-damage|p1a: Mimikyu|183/209|[from] pokemon: Mimikyu-Busted\n|move|p1a: Mimikyu|Play Rough|p2a: Turtonator\n|-damage|p2a: Turtonator|0 fnt\n|faint|p2a: Turtonator\n|-damage|p1a: Mimikyu|163/209|[from] item: Life Orb\n|\n|upkeep\n|\n|t:|1685148906\n|switch|p2a: Terrakion|Terrakion, L78|270/270\n|-damage|p2a: Terrakion|254/270|[from] Stealth Rock\n|turn|5\n|inactive|brofrfr has 120 seconds left.\n|\n|t:|1685148938\n|move|p2a: Terrakion|Earthquake|p1a: Mimikyu\n|-damage|p1a: Mimikyu|38/209\n|-damage|p2a: Terrakion|227/270|[from] item: Life Orb\n|move|p1a: Mimikyu|Swords Dance|p1a: Mimikyu\n|-boost|p1a: Mimikyu|atk|2\n|\n|upkeep\n|turn|6\n|inactive|brofrfr has 120 seconds left.\n|\n|t:|1685148958\n|move|p2a: Terrakion|Earthquake|p1a: Mimikyu\n|-damage|p1a: Mimikyu|0 fnt\n|faint|p1a: Mimikyu\n|-damage|p2a: Terrakion|200/270|[from] item: Life Orb\n|\n|upkeep\n|\n|t:|1685148964\n|switch|p1a: Stunfisk|Stunfisk, L84, M|99/320\n|turn|7\n|\n|t:|1685148970\n|move|p2a: Terrakion|Earthquake|p1a: Stunfisk\n|-supereffective|p1a: Stunfisk\n|-damage|p1a: Stunfisk|0 fnt\n|faint|p1a: Stunfisk\n|-damage|p2a: Terrakion|173/270|[from] item: Life Orb\n|\n|upkeep\n|\n|t:|1685148977\n|switch|p1a: Jynx|Jynx, L86, F|252/252\n|turn|8\n|\n|t:|1685148988\n|move|p2a: Terrakion|Close Combat|p1a: Jynx\n|-damage|p1a: Jynx|0 fnt\n|-unboost|p2a: Terrakion|def|1\n|-unboost|p2a: Terrakion|spd|1\n|faint|p1a: Jynx\n|-damage|p2a: Terrakion|146/270|[from] item: Life Orb\n|\n|upkeep\n|\n|t:|1685148994\n|switch|p1a: Indeedee|Indeedee, L83, M|235/235\n|-fieldstart|move: Psychic Terrain|[from] ability: Psychic Surge|[of] p1a: Indeedee\n|turn|9\n|\n|t:|1685149000\n|move|p1a: Indeedee|Expanding Force|p2a: Terrakion\n|-supereffective|p2a: Terrakion\n|-damage|p2a: Terrakion|0 fnt\n|faint|p2a: Terrakion\n|\n|upkeep\n|\n|t:|1685149020\n|switch|p2a: Cherrim|Cherrim, L93, F|281/281\n|-damage|p2a: Cherrim|246/281|[from] Stealth Rock\n|turn|10\n|\n|t:|1685149027\n|move|p2a: Cherrim|Pollen Puff|p1a: Indeedee\n|-supereffective|p1a: Indeedee\n|-damage|p1a: Indeedee|91/235\n|move|p1a: Indeedee|Expanding Force|p2a: Cherrim\n|-damage|p2a: Cherrim|71/281\n|\n|upkeep\n|turn|11\n|\n|t:|1685149038\n|move|p2a: Cherrim|Pollen Puff|p1a: Indeedee\n|-supereffective|p1a: Indeedee\n|-damage|p1a: Indeedee|0 fnt\n|faint|p1a: Indeedee\n|\n|upkeep\n|\n|t:|1685149041\n|switch|p1a: Armaldo|Armaldo, L86, F|269/269\n|turn|12\n|\n|t:|1685149054\n|move|p2a: Cherrim|Pollen Puff|p1a: Armaldo\n|-damage|p1a: Armaldo|192/269\n|move|p1a: Armaldo|Stone Edge|p2a: Cherrim\n|-crit|p2a: Cherrim\n|-damage|p2a: Cherrim|0 fnt\n|faint|p2a: Cherrim\n|\n|upkeep\n|\n|t:|1685149059\n|switch|p2a: Tapu Bulu|Tapu Bulu, L82|249/249\n|-damage|p2a: Tapu Bulu|218/249|[from] Stealth Rock\n|-fieldstart|move: Grassy Terrain|[from] ability: Grassy Surge|[of] p2a: Tapu Bulu\n|turn|13\n|\n|t:|1685149072\n|switch|p1a: Dragalge|Dragalge, L86, F|252/252\n|move|p2a: Tapu Bulu|Wood Hammer|p1a: Dragalge\n|-resisted|p1a: Dragalge\n|-crit|p1a: Dragalge\n|-damage|p1a: Dragalge|180/252\n|-damage|p2a: Tapu Bulu|194/249|[from] Recoil\n|\n|-heal|p2a: Tapu Bulu|209/249|[from] Grassy Terrain\n|-heal|p1a: Dragalge|195/252|[from] Grassy Terrain\n|-heal|p1a: Dragalge|210/252|[from] item: Black Sludge\n|upkeep\n|turn|14\n|\n|t:|1685149090\n|switch|p2a: Lycanroc|Lycanroc, L80, F|251/251\n|-damage|p2a: Lycanroc|220/251|[from] Stealth Rock\n|move|p1a: Dragalge|Sludge Wave|p2a: Lycanroc\n|-resisted|p2a: Lycanroc\n|-damage|p2a: Lycanroc|121/251\n|\n|-heal|p2a: Lycanroc|136/251|[from] Grassy Terrain\n|-heal|p1a: Dragalge|225/252|[from] Grassy Terrain\n|-heal|p1a: Dragalge|240/252|[from] item: Black Sludge\n|upkeep\n|turn|15\n|\n|t:|1685149097\n|move|p2a: Lycanroc|Accelerock|p1a: Dragalge\n|-damage|p1a: Dragalge|185/252\n|-damage|p2a: Lycanroc|111/251|[from] item: Life Orb\n|move|p1a: Dragalge|Focus Blast|p2a: Lycanroc\n|-supereffective|p2a: Lycanroc\n|-damage|p2a: Lycanroc|0 fnt\n|faint|p2a: Lycanroc\n|\n|-heal|p1a: Dragalge|200/252|[from] Grassy Terrain\n|-heal|p1a: Dragalge|215/252|[from] item: Black Sludge\n|upkeep\n|\n|t:|1685149120\n|switch|p2a: Alakazam|Alakazam, L78, F|214/214\n|turn|16\n|\n|t:|1685149131\n|switch|p1a: Armaldo|Armaldo, L86, F|192/269\n|-start|p2a: Alakazam|Dynamax|\n|-heal|p2a: Alakazam|428/428|[silent]\n|move|p2a: Alakazam|Max Mindstorm|p1a: Armaldo\n|-damage|p1a: Armaldo|32/269\n|-fieldstart|move: Psychic Terrain\n|\n|upkeep\n|turn|17\n|\n|t:|1685149141\n|move|p2a: Alakazam|Max Knuckle|p1a: Armaldo\n|-damage|p1a: Armaldo|14/269\n|-boost|p2a: Alakazam|atk|1\n|move|p1a: Armaldo|Earthquake|p2a: Alakazam\n|-damage|p2a: Alakazam|280/428\n|\n|upkeep\n|turn|18\n|\n|t:|1685149148\n|move|p2a: Alakazam|Max Knuckle|p1a: Armaldo\n|-damage|p1a: Armaldo|0 fnt\n|-boost|p2a: Alakazam|atk|1\n|faint|p1a: Armaldo\n|\n|upkeep\n|\n|t:|1685149157\n|switch|p1a: Dragalge|Dragalge, L86, F|215/252\n|-end|p2a: Alakazam|Dynamax\n|-heal|p2a: Alakazam|140/214|[silent]\n|turn|19\n|\n|t:|1685149165\n|-start|p1a: Dragalge|Dynamax|\n|-heal|p1a: Dragalge|430/504|[silent]\n|move|p1a: Dragalge|Max Knuckle|p2a: Alakazam\n|-resisted|p2a: Alakazam\n|-damage|p2a: Alakazam|105/214\n|-boost|p1a: Dragalge|atk|1\n|move|p2a: Alakazam|Counter||[still]\n|-fail|p2a: Alakazam\n|\n|-heal|p1a: Dragalge|445/504|[from] item: Black Sludge\n|upkeep\n|turn|20\n|\n|t:|1685149176\n|move|p2a: Alakazam|Psychic|p1a: Dragalge\n|-supereffective|p1a: Dragalge\n|-damage|p1a: Dragalge|221/504\n|move|p1a: Dragalge|Max Wyrmwind|p2a: Alakazam\n|-damage|p2a: Alakazam|0 fnt\n|faint|p2a: Alakazam\n|\n|-heal|p1a: Dragalge|236/504|[from] item: Black Sludge\n|-fieldend|move: Psychic Terrain\n|upkeep\n|\n|t:|1685149180\n|switch|p2a: Tapu Bulu|Tapu Bulu, L82|209/249\n|-damage|p2a: Tapu Bulu|178/249|[from] Stealth Rock\n|-fieldstart|move: Grassy Terrain|[from] ability: Grassy Surge|[of] p2a: Tapu Bulu\n|turn|21\n|c|\u2606brofrfr|Who won?\n|\n|t:|1685149193\n|move|p2a: Tapu Bulu|Swords Dance|p2a: Tapu Bulu\n|-boost|p2a: Tapu Bulu|atk|2\n|move|p1a: Dragalge|Max Ooze|p2a: Tapu Bulu\n|-supereffective|p2a: Tapu Bulu\n|-damage|p2a: Tapu Bulu|0 fnt\n|-boost|p1a: Dragalge|spa|1\n|faint|p2a: Tapu Bulu\n|\n|win|brofrfr\n|raw|brofrfr's rating: 1205 &rarr; <strong>1226</strong><br />(+21 for winning)\n|raw|Ignis7476's rating: 1156 &rarr; <strong>1135</strong><br />(-21 for losing)\n", "inputlog": ">version 61c68e60481ef09071210320730fc448fef50368\n>start {\"formatid\":\"gen8randombattle\",\"seed\":[11660,44765,59152,56184],\"rated\":\"Rated battle\"}\n>player p1 {\"name\":\"brofrfr\",\"avatar\":\"n\",\"rating\":1205,\"seed\":[36067,53412,20898,22162]}\n>player p2 {\"name\":\"Ignis7476\",\"avatar\":\"silver\",\"rating\":1156,\"seed\":[59945,61353,7018,6817]}\n>p1 move earthpower\n>p2 move shellsmash\n>p1 move stealthrock\n>p2 move dracometeor\n>p1 switch 5\n>p2 move dracometeor\n>p1 move playrough\n>p2 move earthquake\n>p2 switch 2\n>p1 move swordsdance\n>p2 move earthquake\n>p1 move drainpunch\n>p2 move earthquake\n>p1 switch 5\n>p1 move discharge\n>p2 move earthquake\n>p1 switch 4\n>p1 move icebeam\n>p2 move closecombat\n>p1 switch 6\n>p1 move expandingforce\n>p2 move earthquake\n>p2 switch 6\n>p1 move expandingforce\n>p2 move pollenpuff\n>p1 move expandingforce\n>p2 move pollenpuff\n>p1 switch 2\n>p1 move stoneedge\n>p2 move pollenpuff\n>p2 switch 3\n>p1 switch 3\n>p2 move woodhammer\n>p1 move sludgewave\n>p2 switch 4\n>p1 move focusblast\n>p2 move accelerock\n>p2 switch 5\n>p1 switch 3\n>p2 move psychic dynamax\n>p1 move earthquake\n>p2 move counter dynamax\n>p1 move earthquake\n>p2 move focusblast dynamax\n>p1 switch 3\n>p1 move focusblast dynamax\n>p2 move counter\n>p1 move dragonpulse dynamax\n>p2 move psychic\n>p2 switch 4\n>chat \u2606brofrfr|Who won?\n>p1 move sludgewave dynamax\n>p2 move swordsdance", "uploadtime": 1685149197, "views": 4, "p1id": "brofrfr", "p2id": "ignis7476", "formatid": "gen8randombattle", "rating": 1135, "private": 0, "password": ""}