{"id": "gen8randombattle-1872905566", "p1": "Darkrai1717", "p2": "Drak4y", "format": "[Gen 8] Random Battle", "log": "|j|\u2606Darkrai1717\n|j|\u2606Drak4y\n|t:|1685299203\n|gametype|singles\n|player|p1|Darkrai1717|265|\n|player|p2|Drak4y|scientistf|\n|teamsize|p1|6\n|teamsize|p2|6\n|gen|8\n|tier|[Gen 8] Random Battle\n|rule|Species Clause: Limit one of each Pok\u00e9mon\n|rule|HP Percentage Mod: HP is shown in percentages\n|rule|Sleep Clause Mod: Limit one foe put to sleep\n|\n|t:|1685299203\n|start\n|switch|p1a: Talonflame|Talonflame, L81, F|259/259\n|switch|p2a: Copperajah|Copperajah, L84, M|342/342\n|turn|1\n|j| 5attab\n|j| Iamsleep\n|c| Iamsleep|good luck\n|c|\u2606Darkrai1717|gl hf\n|\n|t:|1685299235\n|move|p1a: Talonflame|Swords Dance|p1a: Talonflame\n|-boost|p1a: Talonflame|atk|2\n|move|p2a: Copperajah|Rock Slide|p1a: Talonflame\n|-supereffective|p1a: Talonflame\n|-damage|p1a: Talonflame|0 fnt\n|faint|p1a: Talonflame\n|\n|upkeep\n|c|\u2606Darkrai1717|ah\n|\n|t:|1685299250\n|switch|p1a: Stunfisk|Stunfisk-Galar, L84, F|320/320\n|turn|2\n|\n|t:|1685299307\n|switch|p2a: Cramorant|Cramorant, L84, M|255/255\n|move|p1a: Stunfisk|Earthquake|p2a: Cramorant\n|-immune|p2a: Cramorant\n|\n|upkeep\n|turn|3\n|\n|t:|1685299348\n|switch|p1a: Hydreigon|Hydreigon, L80, M|278/278\n|move|p2a: Cramorant|Superpower|p1a: Hydreigon\n|-supereffective|p1a: Hydreigon\n|-damage|p1a: Hydreigon|116/278\n|-unboost|p2a: Cramorant|atk|1\n|-unboost|p2a: Cramorant|def|1\n|\n|-heal|p1a: Hydreigon|133/278|[from] item: Leftovers\n|upkeep\n|turn|4\n|\n|t:|1685299363\n|move|p1a: Hydreigon|Roost|p1a: Hydreigon\n|-heal|p1a: Hydreigon|272/278\n|-singleturn|p1a: Hydreigon|move: Roost\n|move|p2a: Cramorant|Superpower|p1a: Hydreigon\n|-supereffective|p1a: Hydreigon\n|-damage|p1a: Hydreigon|160/278\n|-unboost|p2a: Cramorant|atk|1\n|-unboost|p2a: Cramorant|def|1\n|\n|-heal|p1a: Hydreigon|177/278|[from] item: Leftovers\n|upkeep\n|turn|5\n|c|\u2606Drak4y|If Jeremy is here lol grojian\n|\n|t:|1685299384\n|switch|p2a: Sylveon|Sylveon, L84, F|297/297\n|move|p1a: Hydreigon|Nasty Plot|p1a: Hydreigon\n|-boost|p1a: Hydreigon|spa|2\n|\n|-heal|p1a: Hydreigon|194/278|[from] item: Leftovers\n|upkeep\n|turn|6\n|\n|t:|1685299401\n|switch|p1a: Nidoking|Nidoking, L82, M|267/267\n|move|p2a: Sylveon|Hyper Voice|p1a: Nidoking\n|-resisted|p1a: Nidoking\n|-damage|p1a: Nidoking|189/267\n|\n|upkeep\n|turn|7\n|\n|t:|1685299434\n|switch|p2a: Cramorant|Cramorant, L84, M|255/255\n|move|p1a: Nidoking|Substitute|p1a: Nidoking\n|-start|p1a: Nidoking|Substitute\n|-damage|p1a: Nidoking|123/267\n|\n|upkeep\n|turn|8\n|\n|t:|1685299452\n|move|p2a: Cramorant|Surf|p1a: Nidoking\n|-formechange|p2a: Cramorant|Cramorant-Gulping|\n|-supereffective|p1a: Nidoking\n|-end|p1a: Nidoking|Substitute\n|move|p1a: Nidoking|Ice Beam|p2a: Cramorant\n|-damage|p2a: Cramorant|171/255\n|-damage|p1a: Nidoking|57/267|[from] ability: Gulp Missile|[of] p2a: Cramorant\n|-unboost|p1a: Nidoking|def|1\n|-formechange|p2a: Cramorant|Cramorant|\n|\n|upkeep\n|turn|9\n|\n|t:|1685299479\n|switch|p1a: Chansey|Chansey, L84, F|557/557\n|move|p2a: Cramorant|Surf|p1a: Chansey\n|-formechange|p2a: Cramorant|Cramorant-Gulping|\n|-damage|p1a: Chansey|505/557\n|\n|upkeep\n|turn|10\n|\n|t:|1685299496\n|move|p2a: Cramorant|Superpower|p1a: Chansey\n|-supereffective|p1a: Chansey\n|-damage|p1a: Chansey|149/557\n|-unboost|p2a: Cramorant|atk|1\n|-unboost|p2a: Cramorant|def|1\n|move|p1a: Chansey|Toxic|p2a: Cramorant\n|-status|p2a: Cramorant|tox\n|\n|-damage|p2a: Cramorant|156/255 tox|[from] psn\n|upkeep\n|turn|11\n|\n|t:|1685299525\n|move|p2a: Cramorant|Superpower|p1a: Chansey\n|-supereffective|p1a: Chansey\n|-damage|p1a: Chansey|0 fnt\n|-unboost|p2a: Cramorant|atk|1\n|-unboost|p2a: Cramorant|def|1\n|faint|p1a: Chansey\n|\n|-damage|p2a: Cramorant|126/255 tox|[from] psn\n|upkeep\n|\n|t:|1685299536\n|switch|p1a: Hydreigon|Hydreigon, L80, M|194/278\n|turn|12\n|\n|t:|1685299542\n|switch|p2a: Sylveon|Sylveon, L84, F|297/297\n|move|p1a: Hydreigon|Dark Pulse|p2a: Sylveon\n|-resisted|p2a: Sylveon\n|-damage|p2a: Sylveon|264/297\n|\n|-heal|p1a: Hydreigon|211/278|[from] item: Leftovers\n|-heal|p2a: Sylveon|282/297|[from] item: Leftovers\n|upkeep\n|turn|13\n|\n|t:|1685299554\n|switch|p1a: Stunfisk|Stunfisk-Galar, L84, F|320/320\n|move|p2a: Sylveon|Hyper Voice|p1a: Stunfisk\n|-resisted|p1a: Stunfisk\n|-crit|p1a: Stunfisk\n|-damage|p1a: Stunfisk|223/320\n|\n|-heal|p2a: Sylveon|297/297|[from] item: Leftovers\n|-heal|p1a: Stunfisk|243/320|[from] item: Leftovers\n|upkeep\n|turn|14\n|\n|t:|1685299579\n|switch|p2a: Cramorant|Cramorant, L84, M|126/255 tox\n|move|p1a: Stunfisk|Thunder Wave||[still]\n|-fail|p1a: Stunfisk\n|\n|-heal|p1a: Stunfisk|263/320|[from] item: Leftovers\n|-damage|p2a: Cramorant|111/255 tox|[from] psn\n|upkeep\n|turn|15\n|\n|t:|1685299591\n|switch|p1a: Hydreigon|Hydreigon, L80, M|211/278\n|move|p2a: Cramorant|Superpower|p1a: Hydreigon\n|-supereffective|p1a: Hydreigon\n|-crit|p1a: Hydreigon\n|-damage|p1a: Hydreigon|0 fnt\n|-unboost|p2a: Cramorant|atk|1\n|-unboost|p2a: Cramorant|def|1\n|faint|p1a: Hydreigon\n|\n|-damage|p2a: Cramorant|81/255 tox|[from] psn\n|upkeep\n|\n|t:|1685299601\n|switch|p1a: Malamar|Malamar, L80, F|269/269\n|turn|16\n|\n|t:|1685299608\n|move|p2a: Cramorant|Roost|p2a: Cramorant\n|-heal|p2a: Cramorant|209/255 tox\n|-singleturn|p2a: Cramorant|move: Roost\n|move|p1a: Malamar|Knock Off|p2a: Cramorant\n|-damage|p2a: Cramorant|4/255 tox\n|-enditem|p2a: Cramorant|Heavy-Duty Boots|[from] move: Knock Off|[of] p1a: Malamar\n|\n|-damage|p2a: Cramorant|0 fnt|[from] psn\n|faint|p2a: Cramorant\n|upkeep\n|c|\u2606Darkrai1717|what the hell\n|\n|t:|1685299633\n|switch|p2a: Sylveon|Sylveon, L84, F|297/297\n|turn|17\n|\n|t:|1685299653\n|move|p1a: Malamar|Knock Off|p2a: Sylveon\n|-resisted|p2a: Sylveon\n|-damage|p2a: Sylveon|242/297\n|-enditem|p2a: Sylveon|Leftovers|[from] move: Knock Off|[of] p1a: Malamar\n|move|p2a: Sylveon|Hyper Voice|p1a: Malamar\n|-supereffective|p1a: Malamar\n|-damage|p1a: Malamar|0 fnt\n|faint|p1a: Malamar\n|\n|upkeep\n|\n|t:|1685299660\n|switch|p1a: Nidoking|Nidoking, L82, M|57/267\n|turn|18\n|\n|t:|1685299723\n|switch|p2a: Copperajah|Copperajah, L84, M|342/342\n|move|p1a: Nidoking|Earth Power|p2a: Copperajah\n|-supereffective|p2a: Copperajah\n|-damage|p2a: Copperajah|0 fnt\n|faint|p2a: Copperajah\n|\n|upkeep\n|c|\u2606Darkrai1717|THE READ W\n|\n|t:|1685299733\n|switch|p2a: Bewear|Bewear, L82, M|331/331\n|turn|19\n|\n|t:|1685299752\n|move|p1a: Nidoking|Sludge Wave|p2a: Bewear\n|-damage|p2a: Bewear|139/331\n|move|p2a: Bewear|Ice Punch|p1a: Nidoking\n|-supereffective|p1a: Nidoking\n|-damage|p1a: Nidoking|0 fnt\n|faint|p1a: Nidoking\n|-damage|p2a: Bewear|106/331|[from] item: Life Orb\n|\n|upkeep\n|\n|t:|1685299759\n|switch|p1a: Stunfisk|Stunfisk-Galar, L84, F|263/320\n|turn|20\n|c|\u2606Darkrai1717|erm\n|\n|t:|1685299789\n|move|p2a: Bewear|Close Combat|p1a: Stunfisk\n|-supereffective|p1a: Stunfisk\n|-damage|p1a: Stunfisk|0 fnt\n|-unboost|p2a: Bewear|def|1\n|-unboost|p2a: Bewear|spd|1\n|faint|p1a: Stunfisk\n|-damage|p2a: Bewear|73/331|[from] item: Life Orb\n|\n|win|Drak4y\n|c|\u2606Darkrai1717|yeah\n|c| Iamsleep|gg\n|c|\u2606Darkrai1717|gg\n", "inputlog": ">version d74822bbc74c095aa312053f7034baee3068d99e\n>start {\"formatid\":\"gen8randombattle\",\"seed\":[9247,28441,14679,18655]}\n>player p1 {\"name\":\"Darkrai1717\",\"avatar\":\"265\",\"rating\":0,\"seed\":[12099,7624,61280,1840]}\n>player p2 {\"name\":\"Drak4y\",\"avatar\":\"scientistf\",\"rating\":0,\"seed\":[5515,8536,51929,59151]}\n>chat  Iamsleep|good luck\n>chat \u2606Darkrai1717|gl hf\n>p1 move swordsdance\n>p2 move rockslide\n>chat \u2606Darkrai1717|ah\n>p1 switch 5\n>p1 move earthquake\n>p2 switch 5\n>p1 switch 3\n>p2 move superpower\n>p1 move roost\n>p2 move superpower\n>chat \u2606Drak4y|If Jeremy is here lol grojian\n>p1 move nastyplot\n>p2 switch 4\n>p1 switch 2\n>p2 move hypervoice\n>p1 move substitute\n>p2 switch 4\n>p1 move icebeam\n>p2 move surf\n>p1 switch 4\n>p2 move surf\n>p1 move toxic\n>p2 move superpower\n>p1 move softboiled\n>p2 move superpower\n>p1 switch 2\n>p1 move darkpulse\n>p2 switch 4\n>p1 switch 3\n>p2 move hypervoice\n>p1 move thunderwave\n>p2 switch 4\n>p1 switch 3\n>p2 move superpower\n>p1 switch 6\n>p1 move knockoff\n>p2 move roost\n>chat \u2606Darkrai1717|what the hell\n>p2 switch 4\n>p1 move knockoff\n>p2 move hypervoice\n>p1 switch 4\n>p1 move earthpower\n>p2 switch 5\n>chat \u2606Darkrai1717|THE READ W\n>p2 switch 2\n>p1 move sludgewave\n>p2 move icepunch\n>p1 switch 3\n>chat \u2606Darkrai1717|erm\n>p1 move earthquake\n>p2 move closecombat", "uploadtime": 1685299797, "views": 6, "p1id": "darkrai1717", "p2id": "drak4y", "formatid": "gen8randombattle", "rating": 0, "private": 0, "password": ""}