{"id": "gen8randombattle-1873880969", "p1": "nemoauditur", "p2": "Sweet Baguette", "format": "[Gen 8] Random Battle", "log": "|j|\u2606nemoauditur\n|j|\u2606Sweet Baguette\n|t:|1685437245\n|gametype|singles\n|player|p1|nemoauditur|barry|1554\n|player|p2|Sweet Baguette|swimmer|1479\n|teamsize|p1|6\n|teamsize|p2|6\n|gen|8\n|tier|[Gen 8] Random Battle\n|rated|\n|rule|Species Clause: Limit one of each Pok\u00e9mon\n|rule|HP Percentage Mod: HP is shown in percentages\n|rule|Sleep Clause Mod: Limit one foe put to sleep\n|\n|t:|1685437245\n|start\n|switch|p1a: Dragonite|Dragonite, L75, M|259/259\n|switch|p2a: Tyranitar|Tyranitar, L78, F|284/284\n|-weather|Sandstorm|[from] ability: Sand Stream|[of] p2a: Tyranitar\n|turn|1\n|inactive|Battle timer is ON: inactive players will automatically lose when time's up. (requested by Sweet Baguette)\n|inactive|nemoauditur has 120 seconds left.\n|\n|t:|1685437284\n|switch|p1a: Poliwrath|Poliwrath, L84, M|288/288\n|move|p2a: Tyranitar|Stone Edge|p1a: Poliwrath\n|-resisted|p1a: Poliwrath\n|-damage|p1a: Poliwrath|231/288\n|\n|-weather|Sandstorm|[upkeep]\n|-damage|p1a: Poliwrath|213/288|[from] Sandstorm\n|upkeep\n|turn|2\n|\n|t:|1685437303\n|switch|p2a: Bronzong|Bronzong, L83|247/247\n|move|p1a: Poliwrath|Rain Dance|p1a: Poliwrath\n|-weather|RainDance\n|\n|-weather|RainDance|[upkeep]\n|upkeep\n|turn|3\n|\n|t:|1685437314\n|move|p1a: Poliwrath|Liquidation|p2a: Bronzong\n|-damage|p2a: Bronzong|111/247\n|-damage|p1a: Poliwrath|185/288|[from] item: Life Orb\n|move|p2a: Bronzong|Toxic|p1a: Poliwrath\n|-status|p1a: Poliwrath|tox\n|\n|-weather|RainDance|[upkeep]\n|-heal|p2a: Bronzong|126/247|[from] item: Leftovers\n|-damage|p1a: Poliwrath|167/288 tox|[from] psn\n|upkeep\n|turn|4\n|inactive|Sweet Baguette has 120 seconds left.\n|inactive|nemoauditur has 120 seconds left.\n|\n|t:|1685437369\n|-start|p1a: Poliwrath|Dynamax|\n|-heal|p1a: Poliwrath|334/576 tox|[silent]\n|move|p1a: Poliwrath|Max Knuckle|p2a: Bronzong\n|-damage|p2a: Bronzong|17/247\n|-boost|p1a: Poliwrath|atk|1\n|-damage|p1a: Poliwrath|306/576 tox|[from] item: Life Orb\n|move|p2a: Bronzong|Stealth Rock|p1a: Poliwrath\n|-sidestart|p1: nemoauditur|move: Stealth Rock\n|\n|-weather|RainDance|[upkeep]\n|-heal|p2a: Bronzong|32/247|[from] item: Leftovers\n|-damage|p1a: Poliwrath|270/576 tox|[from] psn\n|upkeep\n|turn|5\n|inactive|Sweet Baguette has 90 seconds left.\n|\n|t:|1685437385\n|move|p1a: Poliwrath|Max Knuckle|p2a: Bronzong\n|-damage|p2a: Bronzong|0 fnt\n|-boost|p1a: Poliwrath|atk|1\n|faint|p2a: Bronzong\n|-damage|p1a: Poliwrath|242/576 tox|[from] item: Life Orb\n|\n|-weather|RainDance|[upkeep]\n|-damage|p1a: Poliwrath|188/576 tox|[from] psn\n|upkeep\n|inactive|Sweet Baguette has 90 seconds left.\n|\n|t:|1685437404\n|switch|p2a: Whiscash|Whiscash, L86, M|329/329\n|turn|6\n|\n|t:|1685437407\n|move|p1a: Poliwrath|Max Geyser|p2a: Whiscash\n|-damage|p2a: Whiscash|0 fnt\n|faint|p2a: Whiscash\n|-damage|p1a: Poliwrath|160/576 tox|[from] item: Life Orb\n|\n|-weather|none\n|-damage|p1a: Poliwrath|88/576 tox|[from] psn\n|upkeep\n|\n|t:|1685437410\n|switch|p2a: Latias|Latias, L80, F|259/259\n|-end|p1a: Poliwrath|Dynamax\n|-heal|p1a: Poliwrath|44/288 tox|[silent]\n|turn|7\n|\n|t:|1685437415\n|move|p2a: Latias|Psychic|p1a: Poliwrath\n|-supereffective|p1a: Poliwrath\n|-damage|p1a: Poliwrath|0 fnt\n|faint|p1a: Poliwrath\n|\n|upkeep\n|\n|t:|1685437422\n|switch|p1a: Mawile|Mawile, L86, M|226/226\n|-damage|p1a: Mawile|212/226|[from] Stealth Rock\n|turn|8\n|\n|t:|1685437431\n|switch|p2a: Nidoking|Nidoking, L82, M|267/267\n|move|p1a: Mawile|Play Rough|p2a: Nidoking\n|-resisted|p2a: Nidoking\n|-damage|p2a: Nidoking|185/267\n|\n|upkeep\n|turn|9\n|inactive|Sweet Baguette has 120 seconds left.\n|\n|t:|1685437444\n|switch|p1a: Necrozma|Necrozma, L80|286/286\n|-damage|p1a: Necrozma|251/286|[from] Stealth Rock\n|move|p2a: Nidoking|Substitute|p2a: Nidoking\n|-start|p2a: Nidoking|Substitute\n|-damage|p2a: Nidoking|119/267\n|\n|-heal|p1a: Necrozma|268/286|[from] item: Leftovers\n|upkeep\n|turn|10\n|inactive|Sweet Baguette has 120 seconds left.\n|\n|t:|1685437453\n|move|p2a: Nidoking|Sludge Wave|p1a: Necrozma\n|-damage|p1a: Necrozma|104/286\n|move|p1a: Necrozma|Photon Geyser|p2a: Nidoking\n|-supereffective|p2a: Nidoking\n|-end|p2a: Nidoking|Substitute\n|\n|-heal|p1a: Necrozma|121/286|[from] item: Leftovers\n|upkeep\n|turn|11\n|\n|t:|1685437462\n|switch|p1a: Solgaleo|Solgaleo, L72|316/316\n|-damage|p1a: Solgaleo|297/316|[from] Stealth Rock\n|move|p2a: Nidoking|Earth Power|p1a: Solgaleo\n|-supereffective|p1a: Solgaleo\n|-damage|p1a: Solgaleo|0 fnt\n|faint|p1a: Solgaleo\n|\n|upkeep\n|\n|t:|1685437474\n|switch|p1a: Dragonite|Dragonite, L75, M|259/259\n|-damage|p1a: Dragonite|195/259|[from] Stealth Rock\n|turn|12\n|\n|t:|1685437479\n|move|p1a: Dragonite|Extreme Speed|p2a: Nidoking\n|-damage|p2a: Nidoking|11/267\n|move|p2a: Nidoking|Ice Beam|p1a: Dragonite\n|-supereffective|p1a: Dragonite\n|-damage|p1a: Dragonite|0 fnt\n|faint|p1a: Dragonite\n|\n|upkeep\n|-message|nemoauditur forfeited.\n|\n|win|Sweet Baguette\n|raw|nemoauditur's rating: 1554 &rarr; <strong>1530</strong><br />(-24 for losing)\n|raw|Sweet Baguette's rating: 1479 &rarr; <strong>1503</strong><br />(+24 for winning)\n|l|\u2606nemoauditur\n", "inputlog": ">version 6fec31d5a0d4498a06105aa188c9906bc0b6bf95\n>start {\"formatid\":\"gen8randombattle\",\"seed\":[2466,6769,40276,10143],\"rated\":\"Rated battle\"}\n>player p1 {\"name\":\"nemoauditur\",\"avatar\":\"barry\",\"rating\":1554,\"seed\":[55842,602,26220,19406]}\n>player p2 {\"name\":\"Sweet Baguette\",\"avatar\":\"swimmer\",\"rating\":1479,\"seed\":[27031,26179,36560,43476]}\n>p1 switch 5\n>p2 move stoneedge\n>p1 move raindance\n>p2 switch 2\n>p1 move liquidation\n>p2 move toxic\n>p1 move closecombat dynamax\n>p2 move stealthrock\n>p1 move closecombat dynamax\n>p2 move earthquake\n>p2 switch 6\n>p1 move liquidation dynamax\n>p2 move earthquake\n>p2 switch 5\n>p1 move darkestlariat\n>p2 move psychic\n>p1 switch 4\n>p1 move playrough\n>p2 switch 4\n>p1 switch 2\n>p2 move substitute\n>p1 move photongeyser\n>p2 move sludgewave\n>p1 switch 3\n>p2 move earthpower\n>p1 switch 5\n>p1 move extremespeed\n>p2 move icebeam\n>forcelose p1", "uploadtime": 1685437487, "views": 5, "p1id": "nemoauditur", "p2id": "sweetbaguette", "formatid": "gen8randombattle", "rating": 1503, "private": 0, "password": ""}