|j|☆trying_toget_tough
|j|☆Shinobi_ninja
|t:|1685291813
|gametype|singles
|player|p1|trying_toget_tough|265|1436
|player|p2|Shinobi_ninja|shadowtriad|1432
|teamsize|p1|6
|teamsize|p2|6
|gen|8
|tier|[Gen 8] Random Battle
|rated|
|rule|Species Clause: Limit one of each Pokémon
|rule|HP Percentage Mod: HP is shown in percentages
|rule|Sleep Clause Mod: Limit one foe put to sleep
|
|t:|1685291813
|start
|switch|p1a: Zarude|Zarude-Dada, L78|292/292
|switch|p2a: Gyarados|Gyarados, L76, M|269/269
|turn|1
|
|t:|1685291833
|move|p1a: Zarude|Darkest Lariat|p2a: Gyarados
|-damage|p2a: Gyarados|164/269
|move|p2a: Gyarados|Dragon Dance|p2a: Gyarados
|-boost|p2a: Gyarados|atk|1
|-boost|p2a: Gyarados|spe|1
|
|upkeep
|turn|2
|inactive|Battle timer is ON: inactive players will automatically lose when time's up. (requested by trying_toget_tough)
|
|t:|1685291840
|switch|p1a: Cramorant|Cramorant, L84, F|255/255
|-start|p2a: Gyarados|Dynamax|
|-heal|p2a: Gyarados|328/538|[silent]
|move|p2a: Gyarados|Max Airstream|p1a: Cramorant
|-damage|p1a: Cramorant|0 fnt
|-boost|p2a: Gyarados|spe|1
|faint|p1a: Cramorant
|-ability|p2a: Gyarados|Moxie|boost
|-boost|p2a: Gyarados|atk|1
|
|upkeep
|
|t:|1685291849
|switch|p1a: Zeraora|Zeraora, L76|259/259
|turn|3
|
|t:|1685291854
|-start|p1a: Zeraora|Dynamax|
|-heal|p1a: Zeraora|518/518|[silent]
|move|p2a: Gyarados|Max Quake|p1a: Zeraora
|-supereffective|p1a: Zeraora
|-damage|p1a: Zeraora|32/518
|-boost|p2a: Gyarados|spd|1
|move|p1a: Zeraora|Max Lightning|p2a: Gyarados
|-supereffective|p2a: Gyarados
|-damage|p2a: Gyarados|0 fnt
|-fieldstart|move: Electric Terrain
|faint|p2a: Gyarados
|
|upkeep
|
|t:|1685291880
|switch|p2a: Bellossom|Bellossom, L82, M|257/257
|turn|4
|
|t:|1685291886
|move|p1a: Zeraora|Max Flare|p2a: Bellossom
|-supereffective|p2a: Bellossom
|-damage|p2a: Bellossom|79/257
|-weather|SunnyDay
|move|p2a: Bellossom|Giga Drain|p1a: Zeraora
|-damage|p1a: Zeraora|0 fnt
|-heal|p2a: Bellossom|95/257|[from] drain|[of] p1a: Zeraora
|faint|p1a: Zeraora
|
|-weather|SunnyDay|[upkeep]
|-heal|p2a: Bellossom|111/257|[from] item: Leftovers
|upkeep
|
|t:|1685291904
|switch|p1a: Zarude|Zarude-Dada, L78|292/292
|turn|5
|
|t:|1685291910
|move|p2a: Bellossom|Moonblast|p1a: Zarude
|-supereffective|p1a: Zarude
|-damage|p1a: Zarude|178/292
|move|p1a: Zarude|Darkest Lariat|p2a: Bellossom
|-damage|p2a: Bellossom|14/257
|
|-weather|SunnyDay|[upkeep]
|-heal|p2a: Bellossom|30/257|[from] item: Leftovers
|-heal|p1a: Zarude|196/292|[from] item: Leftovers
|upkeep
|turn|6
|
|t:|1685291925
|move|p2a: Bellossom|Moonblast|p1a: Zarude
|-supereffective|p1a: Zarude
|-damage|p1a: Zarude|66/292
|move|p1a: Zarude|Darkest Lariat|p2a: Bellossom
|-damage|p2a: Bellossom|0 fnt
|faint|p2a: Bellossom
|
|-weather|SunnyDay|[upkeep]
|-heal|p1a: Zarude|84/292|[from] item: Leftovers
|upkeep
|
|t:|1685291935
|switch|p2a: Magmortar|Magmortar, L86, M|269/269
|turn|7
|
|t:|1685291942
|move|p1a: Zarude|Jungle Healing|p1a: Zarude
|-heal|p1a: Zarude|157/292
|move|p2a: Magmortar|Fire Blast|p1a: Zarude
|-supereffective|p1a: Zarude
|-damage|p1a: Zarude|0 fnt
|faint|p1a: Zarude
|
|-weather|SunnyDay|[upkeep]
|-fieldend|move: Electric Terrain
|upkeep
|c|☆Shinobi_ninja|???
|c|☆trying_toget_tough|no choice
|c|☆Shinobi_ninja|ok
|c|☆trying_toget_tough|either that or switch and take damage
|inactive|trying_toget_tough has 120 seconds left.
|
|t:|1685291974
|switch|p1a: Nidoking|Nidoking, L82, M|267/267
|turn|8
|
|t:|1685291978
|move|p2a: Magmortar|Fire Blast|p1a: Nidoking
|-damage|p1a: Nidoking|0 fnt
|faint|p1a: Nidoking
|
|-weather|none
|upkeep
|
|t:|1685291986
|switch|p1a: Tentacruel|Tentacruel, L84, F|272/272
|turn|9
|c|☆Shinobi_ninja|you had choice
|c|☆trying_toget_tough|im not very smart
|
|t:|1685292009
|switch|p2a: Suicune|Suicune, L80|291/291
|-ability|p2a: Suicune|Pressure
|move|p1a: Tentacruel|Scald|p2a: Suicune
|-resisted|p2a: Suicune
|-damage|p2a: Suicune|260/291
|-status|p2a: Suicune|brn
|
|-damage|p2a: Suicune|242/291 brn|[from] brn
|upkeep
|turn|10
|c|☆trying_toget_tough|enlight me
|
|t:|1685292018
|move|p1a: Tentacruel|Toxic Spikes|p2a: Suicune
|-sidestart|p2: Shinobi_ninja|move: Toxic Spikes
|move|p2a: Suicune|Calm Mind|p2a: Suicune
|-boost|p2a: Suicune|spa|1
|-boost|p2a: Suicune|spd|1
|
|-damage|p2a: Suicune|224/291 brn|[from] brn
|upkeep
|turn|11
|
|t:|1685292029
|move|p1a: Tentacruel|Haze|p1a: Tentacruel
|-clearallboost
|move|p2a: Suicune|Calm Mind|p2a: Suicune
|-boost|p2a: Suicune|spa|1
|-boost|p2a: Suicune|spd|1
|
|-damage|p2a: Suicune|206/291 brn|[from] brn
|upkeep
|turn|12
|
|t:|1685292038
|move|p1a: Tentacruel|Haze|p1a: Tentacruel
|-clearallboost
|move|p2a: Suicune|Scald|p1a: Tentacruel
|-resisted|p1a: Tentacruel
|-damage|p1a: Tentacruel|245/272
|
|-heal|p1a: Tentacruel|262/272|[from] item: Black Sludge
|-damage|p2a: Suicune|188/291 brn|[from] brn
|upkeep
|turn|13
|
|t:|1685292047
|switch|p1a: Urshifu|Urshifu, L76, F|277/277
|move|p2a: Suicune|Scald|p1a: Urshifu
|-damage|p1a: Urshifu|172/277
|
|-damage|p2a: Suicune|170/291 brn|[from] brn
|upkeep
|turn|14
|
|t:|1685292061
|move|p1a: Urshifu|Wicked Blow|p2a: Suicune
|-crit|p2a: Suicune
|-damage|p2a: Suicune|10/291 brn
|move|p2a: Suicune|Scald|p1a: Urshifu
|-damage|p1a: Urshifu|72/277
|-status|p1a: Urshifu|brn
|
|-damage|p1a: Urshifu|55/277 brn|[from] brn
|-damage|p2a: Suicune|0 fnt|[from] brn
|faint|p2a: Suicune
|upkeep
|
|t:|1685292078
|switch|p2a: Magmortar|Magmortar, L86, M|269/269
|turn|15
|
|t:|1685292085
|switch|p1a: Tentacruel|Tentacruel, L84, F|262/272
|move|p2a: Magmortar|Earthquake|p1a: Tentacruel
|-supereffective|p1a: Tentacruel
|-damage|p1a: Tentacruel|74/272
|
|-heal|p1a: Tentacruel|91/272|[from] item: Black Sludge
|upkeep
|turn|16
|
|t:|1685292092
|move|p1a: Tentacruel|Scald|p2a: Magmortar
|-supereffective|p2a: Magmortar
|-damage|p2a: Magmortar|137/269
|move|p2a: Magmortar|Earthquake|p1a: Tentacruel
|-supereffective|p1a: Tentacruel
|-damage|p1a: Tentacruel|0 fnt
|faint|p1a: Tentacruel
|
|upkeep
|c|☆trying_toget_tough|gg
|
|t:|1685292099
|switch|p1a: Urshifu|Urshifu, L76, F|55/277 brn
|turn|17
|c|☆Shinobi_ninja|gg
|
|t:|1685292103
|move|p2a: Magmortar|Earthquake|p1a: Urshifu
|-damage|p1a: Urshifu|0 fnt
|faint|p1a: Urshifu
|
|win|Shinobi_ninja
|raw|trying_toget_tough's rating: 1436 &rarr; <strong>1416</strong><br />(-20 for losing)
|raw|Shinobi_ninja's rating: 1432 &rarr; <strong>1452</strong><br />(+20 for winning)
|l|☆Shinobi_ninja
