{"id": "gen8randombattle-1872228297", "p1": "Fluore", "p2": "Teres bahji", "format": "[Gen 8] Random Battle", "log": "|j|\u2606Fluore\n|j|\u2606Teres bahji\n|t:|1685199803\n|gametype|singles\n|player|p1|Fluore|#bltviiiturtwigs|\n|player|p2|Teres bahji|#rbtt6teamzarudef|\n|teamsize|p1|6\n|teamsize|p2|6\n|gen|8\n|tier|[Gen 8] Random Battle\n|rule|Species Clause: Limit one of each Pok\u00e9mon\n|rule|HP Percentage Mod: HP is shown in percentages\n|rule|Sleep Clause Mod: Limit one foe put to sleep\n|\n|t:|1685199803\n|start\n|switch|p1a: Steelix|Steelix, L84, F|263/263\n|switch|p2a: Dragonite|Dragonite, L75, F|260/260\n|turn|1\n|inactive|Battle timer is ON: inactive players will automatically lose when time's up. (requested by Fluore)\n|\n|t:|1685199813\n|switch|p2a: Omastar|Omastar, L82, F|249/249\n|move|p1a: Steelix|Dragon Dance|p1a: Steelix\n|-boost|p1a: Steelix|atk|1\n|-boost|p1a: Steelix|spe|1\n|\n|upkeep\n|turn|2\n|\n|t:|1685199821\n|move|p1a: Steelix|Earthquake|p2a: Omastar\n|-supereffective|p2a: Omastar\n|-damage|p2a: Omastar|43/249\n|move|p2a: Omastar|Hydro Pump|p1a: Steelix\n|-supereffective|p1a: Steelix\n|-damage|p1a: Steelix|0 fnt\n|faint|p1a: Steelix\n|\n|-heal|p2a: Omastar|58/249|[from] item: Leftovers\n|upkeep\n|\n|t:|1685199841\n|switch|p1a: Urshifu|Urshifu-Rapid-Strike, L78, F|284/284\n|turn|3\n|inactive|Teres bahji has 270 seconds left.\n|\n|t:|1685199880\n|switch|p2a: Eldegoss|Eldegoss, L90, F|254/254\n|move|p1a: Urshifu|Surging Strikes|p2a: Eldegoss\n|-resisted|p2a: Eldegoss\n|-crit|p2a: Eldegoss\n|-damage|p2a: Eldegoss|228/254\n|-resisted|p2a: Eldegoss\n|-crit|p2a: Eldegoss\n|-damage|p2a: Eldegoss|201/254\n|-resisted|p2a: Eldegoss\n|-crit|p2a: Eldegoss\n|-damage|p2a: Eldegoss|176/254\n|-hitcount|p2a: Eldegoss|3\n|-damage|p1a: Urshifu|256/284|[from] item: Life Orb\n|\n|upkeep\n|turn|4\n|\n|t:|1685199893\n|switch|p1a: Glastrier|Glastrier, L82|298/298\n|switch|p2a: Lunala|Lunala, L72|316/316\n|\n|upkeep\n|turn|5\n|\n|t:|1685199906\n|move|p2a: Lunala|Calm Mind|p2a: Lunala\n|-boost|p2a: Lunala|spa|1\n|-boost|p2a: Lunala|spd|1\n|move|p1a: Glastrier|Icicle Crash|p2a: Lunala\n|-damage|p2a: Lunala|245/316\n|\n|-heal|p2a: Lunala|264/316|[from] item: Leftovers\n|upkeep\n|turn|6\n|c|\u2606Teres bahji|wait\n|inactive|Teres bahji has 270 seconds left.\n|c|\u2606Teres bahji|then u r not +3 u r like +8 or something\n|\n|t:|1685199928\n|move|p2a: Lunala|Moongeist Beam|p1a: Glastrier\n|-damage|p1a: Glastrier|175/298\n|move|p1a: Glastrier|Swords Dance|p1a: Glastrier\n|-boost|p1a: Glastrier|atk|2\n|\n|-heal|p2a: Lunala|283/316|[from] item: Leftovers\n|upkeep\n|turn|7\n|c|\u2606Fluore|I said I was +9\n|inactive|Teres bahji has 270 seconds left.\n|\n|t:|1685199941\n|move|p2a: Lunala|Moongeist Beam|p1a: Glastrier\n|-damage|p1a: Glastrier|48/298\n|move|p1a: Glastrier|Icicle Crash|p2a: Lunala\n|-damage|p2a: Lunala|15/316\n|\n|-heal|p2a: Lunala|34/316|[from] item: Leftovers\n|upkeep\n|turn|8\n|c|\u2606Teres bahji|ah\n|c|\u2606Teres bahji|makes sense\n|\n|t:|1685199950\n|move|p2a: Lunala|Moongeist Beam|p1a: Glastrier\n|-damage|p1a: Glastrier|0 fnt\n|faint|p1a: Glastrier\n|\n|-heal|p2a: Lunala|53/316|[from] item: Leftovers\n|upkeep\n|\n|t:|1685199955\n|switch|p1a: Urshifu|Urshifu-Rapid-Strike, L78, F|256/284\n|turn|9\n|\n|t:|1685199962\n|switch|p2a: Eldegoss|Eldegoss, L90, F|254/254\n|move|p1a: Urshifu|Ice Punch|p2a: Eldegoss\n|-supereffective|p2a: Eldegoss\n|-damage|p2a: Eldegoss|121/254\n|-damage|p1a: Urshifu|228/284|[from] item: Life Orb\n|\n|upkeep\n|turn|10\n|\n|t:|1685199970\n|switch|p2a: Omastar|Omastar, L82, F|58/249\n|move|p1a: Urshifu|Ice Punch|p2a: Omastar\n|-resisted|p2a: Omastar\n|-damage|p2a: Omastar|28/249\n|-damage|p1a: Urshifu|200/284|[from] item: Life Orb\n|\n|-heal|p2a: Omastar|43/249|[from] item: Leftovers\n|upkeep\n|turn|11\n|\n|t:|1685199975\n|move|p1a: Urshifu|Surging Strikes|p2a: Omastar\n|-crit|p2a: Omastar\n|-damage|p2a: Omastar|0 fnt\n|faint|p2a: Omastar\n|-hitcount|p2: Omastar|1\n|-damage|p1a: Urshifu|172/284|[from] item: Life Orb\n|\n|upkeep\n|\n|t:|1685199977\n|switch|p2a: Eldegoss|Eldegoss, L90, F|205/254\n|turn|12\n|c|\u2606Teres bahji|since i used to live in japan\n|c|\u2606Teres bahji|and both time zones are similar ig\n|c|\u2606Fluore|its the same\n|\n|t:|1685200006\n|move|p1a: Urshifu|Ice Punch|p2a: Eldegoss\n|-supereffective|p2a: Eldegoss\n|-damage|p2a: Eldegoss|67/254\n|-damage|p1a: Urshifu|144/284|[from] item: Life Orb\n|move|p2a: Eldegoss|Energy Ball|p1a: Urshifu\n|-supereffective|p1a: Urshifu\n|-damage|p1a: Urshifu|0 fnt\n|faint|p1a: Urshifu\n|\n|upkeep\n|\n|t:|1685200013\n|switch|p1a: Blastoise|Blastoise, L82, F|264/264\n|turn|13\n|c|\u2606Teres bahji|noice\n|\n|t:|1685200018\n|move|p1a: Blastoise|Ice Beam|p2a: Eldegoss\n|-supereffective|p2a: Eldegoss\n|-crit|p2a: Eldegoss\n|-damage|p2a: Eldegoss|0 fnt\n|faint|p2a: Eldegoss\n|\n|upkeep\n|\n|t:|1685200024\n|switch|p2a: Drampa|Drampa, L86, M|274/274\n|turn|14\n|\n|t:|1685200031\n|move|p1a: Blastoise|Shell Smash|p1a: Blastoise\n|-unboost|p1a: Blastoise|def|1\n|-unboost|p1a: Blastoise|spd|1\n|-boost|p1a: Blastoise|atk|2\n|-boost|p1a: Blastoise|spa|2\n|-boost|p1a: Blastoise|spe|2\n|-enditem|p1a: Blastoise|White Herb\n|-clearnegativeboost|p1a: Blastoise|[silent]\n|move|p2a: Drampa|Thunderbolt|p1a: Blastoise\n|-supereffective|p1a: Blastoise\n|-crit|p1a: Blastoise\n|-damage|p1a: Blastoise|26/264\n|\n|upkeep\n|turn|15\n|\n|t:|1685200042\n|move|p1a: Blastoise|Ice Beam|p2a: Drampa\n|-supereffective|p2a: Drampa\n|-damage|p2a: Drampa|72/274\n|-ability|p2a: Drampa|Berserk|boost\n|-boost|p2a: Drampa|spa|1\n|move|p2a: Drampa|Thunderbolt|p1a: Blastoise\n|-supereffective|p1a: Blastoise\n|-damage|p1a: Blastoise|0 fnt\n|faint|p1a: Blastoise\n|\n|-heal|p2a: Drampa|89/274|[from] item: Leftovers\n|upkeep\n|\n|t:|1685200050\n|switch|p1a: Dragonite|Dragonite, L75, F|260/260\n|turn|16\n|\n|t:|1685200070\n|move|p1a: Dragonite|Dual Wingbeat|p2a: Drampa\n|-damage|p2a: Drampa|43/274\n|-damage|p2a: Drampa|0 fnt\n|faint|p2a: Drampa\n|-hitcount|p2: Drampa|2\n|\n|upkeep\n|\n|t:|1685200080\n|switch|p2a: Dragonite|Dragonite, L75, F|260/260\n|turn|17\n|\n|t:|1685200092\n|-start|p2a: Dragonite|Dynamax|\n|-heal|p2a: Dragonite|520/520|[silent]\n|-start|p1a: Dragonite|Dynamax|\n|-heal|p1a: Dragonite|520/520|[silent]\n|move|p2a: Dragonite|Max Wyrmwind|p1a: Dragonite\n|-supereffective|p1a: Dragonite\n|-damage|p1a: Dragonite|346/520\n|-unboost|p1a: Dragonite|atk|1\n|move|p1a: Dragonite|Max Airstream|p2a: Dragonite\n|-crit|p2a: Dragonite\n|-damage|p2a: Dragonite|409/520\n|-boost|p1a: Dragonite|spe|1\n|\n|upkeep\n|turn|18\n|\n|t:|1685200107\n|move|p1a: Dragonite|Max Wyrmwind|p2a: Dragonite\n|-supereffective|p2a: Dragonite\n|-damage|p2a: Dragonite|187/520\n|-unboost|p2a: Dragonite|atk|1\n|move|p2a: Dragonite|Max Airstream|p1a: Dragonite\n|-damage|p1a: Dragonite|240/520\n|-boost|p2a: Dragonite|spe|1\n|\n|upkeep\n|turn|19\n|\n|t:|1685200114\n|move|p2a: Dragonite|Max Guard|p2a: Dragonite\n|-singleturn|p2a: Dragonite|Max Guard\n|move|p1a: Dragonite|Max Wyrmwind|p2a: Dragonite\n|-activate|p2a: Dragonite|move: Max Guard\n|\n|upkeep\n|-end|p1a: Dragonite|Dynamax\n|-heal|p1a: Dragonite|120/260|[silent]\n|-end|p2a: Dragonite|Dynamax\n|-heal|p2a: Dragonite|94/260|[silent]\n|turn|20\n|\n|t:|1685200122\n|move|p2a: Dragonite|Outrage|p1a: Dragonite\n|-supereffective|p1a: Dragonite\n|-crit|p1a: Dragonite\n|-damage|p1a: Dragonite|0 fnt\n|faint|p1a: Dragonite\n|\n|upkeep\n|\n|t:|1685200123\n|switch|p1a: Calyrex|Calyrex-Ice, L72|263/263\n|-ability|p1a: Calyrex|As One\n|-ability|p1a: Calyrex|Unnerve\n|turn|21\n|\n|t:|1685200128\n|move|p2a: Dragonite|Outrage|p1a: Calyrex|[from]lockedmove\n|-damage|p1a: Calyrex|193/263\n|move|p1a: Calyrex|Glacial Lance|p2a: Dragonite\n|-supereffective|p2a: Dragonite\n|-damage|p2a: Dragonite|0 fnt\n|faint|p2a: Dragonite\n|-ability|p1a: Calyrex|Chilling Neigh|boost\n|-boost|p1a: Calyrex|atk|1\n|\n|upkeep\n|\n|t:|1685200133\n|switch|p2a: Nihilego|Nihilego, L79|302/302\n|turn|22\n|\n|t:|1685200135\n|move|p2a: Nihilego|Power Gem|p1a: Calyrex\n|-supereffective|p1a: Calyrex\n|-damage|p1a: Calyrex|37/263\n|-enditem|p1a: Calyrex|Weakness Policy\n|-boost|p1a: Calyrex|atk|2|[from] item: Weakness Policy\n|-boost|p1a: Calyrex|spa|2|[from] item: Weakness Policy\n|move|p1a: Calyrex|High Horsepower|p2a: Nihilego|[miss]\n|-miss|p1a: Calyrex|p2a: Nihilego\n|\n|upkeep\n|turn|23\n|c|\u2606Teres bahji|mb\n|c|\u2606Fluore|gg\n|\n|t:|1685200145\n|move|p2a: Nihilego|Power Gem|p1a: Calyrex\n|-supereffective|p1a: Calyrex\n|-damage|p1a: Calyrex|0 fnt\n|faint|p1a: Calyrex\n|\n|win|Teres bahji\n|l|\u2606Fluore\n", "inputlog": ">version d74822bbc74c095aa312053f7034baee3068d99e\n>start {\"formatid\":\"gen8randombattle\",\"seed\":[63941,16170,34207,46041]}\n>player p1 {\"name\":\"Fluore\",\"avatar\":\"#bltviiiturtwigs\",\"rating\":0,\"seed\":[23051,37416,8291,63414]}\n>player p2 {\"name\":\"Teres bahji\",\"avatar\":\"#rbtt6teamzarudef\",\"rating\":0,\"seed\":[46169,8500,36090,51147]}\n>p1 move dragondance\n>p2 switch 2\n>p1 move earthquake\n>p2 move hydropump\n>p1 switch 2\n>p1 move surgingstrikes\n>p2 switch 3\n>p1 switch 6\n>p2 switch 5\n>p1 move iciclecrash\n>p2 move calmmind\n>chat \u2606Teres bahji|wait\n>chat \u2606Teres bahji|then u r not +3 u r like +8 or something\n>p1 move swordsdance\n>p2 move moongeistbeam\n>chat \u2606Fluore|I said I was +9\n>p1 move iciclecrash\n>p2 move moongeistbeam\n>chat \u2606Teres bahji|ah\n>chat \u2606Teres bahji|makes sense\n>p1 move highhorsepower\n>p2 move moongeistbeam\n>p1 switch 6\n>p1 move icepunch\n>p2 switch 5\n>p1 move icepunch\n>p2 switch 3\n>p1 move surgingstrikes\n>p2 move stealthrock\n>p2 switch 3\n>chat \u2606Teres bahji|since i used to live in japan\n>chat \u2606Teres bahji|and both time zones are similar ig\n>chat \u2606Fluore|its the same\n>p1 move icepunch\n>p2 move energyball\n>p1 switch 3\n>chat \u2606Teres bahji|noice\n>p1 move icebeam\n>p2 move energyball\n>p2 switch 4\n>p1 move shellsmash\n>p2 move thunderbolt\n>p1 move icebeam\n>p2 move thunderbolt\n>p1 switch 5\n>p1 move dualwingbeat\n>p2 move dracometeor\n>p2 switch 2\n>p1 move dualwingbeat dynamax\n>p2 move outrage dynamax\n>p1 move outrage dynamax\n>p2 move dualwingbeat dynamax\n>p1 move outrage dynamax\n>p2 move dragondance dynamax\n>p1 move outrage\n>p2 move outrage\n>p1 switch 4\n>p1 move glaciallance\n>p2 move outrage\n>p2 switch 6\n>p1 move highhorsepower\n>p2 move powergem\n>chat \u2606Teres bahji|mb\n>chat \u2606Fluore|gg\n>p1 move highhorsepower\n>p2 move powergem", "uploadtime": 1685200150, "views": 2, "p1id": "fluore", "p2id": "teresbahji", "formatid": "gen8randombattle", "rating": 0, "private": 0, "password": ""}