|j|☆narutonine16
|j|☆Jaegs6
|t:|1685311608
|gametype|singles
|player|p1|narutonine16|266|1435
|player|p2|Jaegs6|2|1240
|teamsize|p1|6
|teamsize|p2|6
|gen|8
|tier|[Gen 8] Random Battle
|rated|
|rule|Species Clause: Limit one of each Pokémon
|rule|HP Percentage Mod: HP is shown in percentages
|rule|Sleep Clause Mod: Limit one foe put to sleep
|
|t:|1685311608
|start
|switch|p1a: Calyrex|Calyrex-Ice, L72|263/263
|switch|p2a: Regidrago|Regidrago, L78|440/440
|-ability|p1a: Calyrex|As One
|-ability|p1a: Calyrex|Unnerve
|turn|1
|inactive|Battle timer is ON: inactive players will automatically lose when time's up. (requested by Jaegs6)
|
|t:|1685311633
|switch|p2a: Registeel|Registeel, L83|268/268
|move|p1a: Calyrex|Agility|p1a: Calyrex
|-boost|p1a: Calyrex|spe|2
|
|upkeep
|turn|2
|inactive|narutonine16 has 120 seconds left.
|
|t:|1685311666
|-start|p1a: Calyrex|Dynamax|
|-heal|p1a: Calyrex|526/526|[silent]
|move|p1a: Calyrex|Max Knuckle|p2a: Registeel
|-supereffective|p2a: Registeel
|-damage|p2a: Registeel|164/268
|-boost|p1a: Calyrex|atk|1
|move|p2a: Registeel|Iron Head|p1a: Calyrex
|-supereffective|p1a: Calyrex
|-damage|p1a: Calyrex|428/526
|-enditem|p1a: Calyrex|Weakness Policy
|-boost|p1a: Calyrex|atk|2|[from] item: Weakness Policy
|-boost|p1a: Calyrex|spa|2|[from] item: Weakness Policy
|
|upkeep
|turn|3
|inactive|narutonine16 has 120 seconds left.
|
|t:|1685311688
|move|p1a: Calyrex|Max Quake|p2a: Registeel
|-supereffective|p2a: Registeel
|-damage|p2a: Registeel|0 fnt
|-boost|p1a: Calyrex|spd|1
|faint|p2a: Registeel
|-ability|p1a: Calyrex|Chilling Neigh|boost
|-boost|p1a: Calyrex|atk|1
|
|upkeep
|inactive|Jaegs6 has 120 seconds left.
|
|t:|1685311708
|switch|p2a: Slowking|Slowking, L86, F|304/304
|turn|4
|
|t:|1685311715
|move|p1a: Calyrex|Max Quake|p2a: Slowking
|-damage|p2a: Slowking|0 fnt
|-boost|p1a: Calyrex|spd|1
|faint|p2a: Slowking
|-ability|p1a: Calyrex|Chilling Neigh|boost
|-boost|p1a: Calyrex|atk|1
|
|upkeep
|
|t:|1685311726
|switch|p2a: Stonjourner|Stonjourner, L88, M|319/319
|-end|p1a: Calyrex|Dynamax
|-heal|p1a: Calyrex|214/263|[silent]
|turn|5
|
|t:|1685311732
|move|p1a: Calyrex|Glacial Lance|p2a: Stonjourner
|-damage|p2a: Stonjourner|0 fnt
|faint|p2a: Stonjourner
|-ability|p1a: Calyrex|Chilling Neigh|boost
|-boost|p1a: Calyrex|atk|1
|
|upkeep
|
|t:|1685311740
|switch|p2a: Regidrago|Regidrago, L78|440/440
|turn|6
|
|t:|1685311749
|-start|p2a: Regidrago|Dynamax|
|-heal|p2a: Regidrago|880/880|[silent]
|move|p1a: Calyrex|Glacial Lance|p2a: Regidrago
|-supereffective|p2a: Regidrago
|-crit|p2a: Regidrago
|-damage|p2a: Regidrago|0 fnt
|faint|p2a: Regidrago
|
|upkeep
|-message|Jaegs6 forfeited.
|
|win|narutonine16
|raw|narutonine16's rating: 1435 &rarr; <strong>1445</strong><br />(+10 for winning)
|raw|Jaegs6's rating: 1240 &rarr; <strong>1228</strong><br />(-12 for losing)
|l|☆Jaegs6
