{"id": "gen8randombattle-1873904745", "p1": "SourishCandle69", "p2": "OnlyGolden", "format": "[Gen 8] Random Battle", "log": "|j|\u2606SourishCandle69\n|j|\u2606OnlyGolden\n|t:|1685441195\n|gametype|singles\n|player|p1|SourishCandle69|n|\n|player|p2|OnlyGolden|ingo|\n|teamsize|p1|6\n|teamsize|p2|6\n|gen|8\n|tier|[Gen 8] Random Battle\n|rule|Species Clause: Limit one of each Pok\u00e9mon\n|rule|HP Percentage Mod: HP is shown in percentages\n|rule|Sleep Clause Mod: Limit one foe put to sleep\n|\n|t:|1685441195\n|start\n|switch|p1a: Aromatisse|Aromatisse, L88, M|321/321\n|switch|p2a: Excadrill|Excadrill, L78, F|300/300\n|-ability|p2a: Excadrill|Mold Breaker\n|turn|1\n|\n|t:|1685441229\n|switch|p1a: Sirfetch\u2019d|Sirfetch\u2019d, L82, M|236/236\n|move|p2a: Excadrill|Earthquake|p1a: Sirfetch\u2019d\n|-damage|p1a: Sirfetch\u2019d|116/236\n|\n|upkeep\n|turn|2\n|\n|t:|1685441241\n|move|p2a: Excadrill|Earthquake|p1a: Sirfetch\u2019d\n|-crit|p1a: Sirfetch\u2019d\n|-damage|p1a: Sirfetch\u2019d|0 fnt\n|faint|p1a: Sirfetch\u2019d\n|\n|upkeep\n|\n|t:|1685441256\n|switch|p1a: Claydol|Claydol, L86|243/243\n|turn|3\n|\n|t:|1685441303\n|switch|p2a: Necrozma|Necrozma-Dawn-Wings, L76|272/272\n|move|p1a: Claydol|Stealth Rock|p2a: Necrozma\n|-sidestart|p2: OnlyGolden|move: Stealth Rock\n|\n|upkeep\n|turn|4\n|\n|t:|1685441316\n|move|p1a: Claydol|Earthquake|p2a: Necrozma\n|-damage|p2a: Necrozma|193/272\n|move|p2a: Necrozma|Calm Mind|p2a: Necrozma\n|-boost|p2a: Necrozma|spa|1\n|-boost|p2a: Necrozma|spd|1\n|\n|-heal|p2a: Necrozma|210/272|[from] item: Leftovers\n|upkeep\n|turn|5\n|\n|t:|1685441332\n|move|p1a: Claydol|Earthquake|p2a: Necrozma\n|-damage|p2a: Necrozma|131/272\n|move|p2a: Necrozma|Moongeist Beam|p1a: Claydol\n|-supereffective|p1a: Claydol\n|-damage|p1a: Claydol|0 fnt\n|faint|p1a: Claydol\n|\n|-heal|p2a: Necrozma|148/272|[from] item: Leftovers\n|upkeep\n|\n|t:|1685441361\n|switch|p1a: Bronzong|Bronzong, L83|247/247\n|turn|6\n|\n|t:|1685441369\n|move|p2a: Necrozma|Moongeist Beam|p1a: Bronzong\n|-supereffective|p1a: Bronzong\n|-damage|p1a: Bronzong|0 fnt\n|faint|p1a: Bronzong\n|\n|-heal|p2a: Necrozma|165/272|[from] item: Leftovers\n|upkeep\n|\n|t:|1685441378\n|switch|p1a: Ferrothorn|Ferrothorn, L78, F|244/244\n|turn|7\n|\n|t:|1685441385\n|move|p2a: Necrozma|Heat Wave|p1a: Ferrothorn\n|-supereffective|p1a: Ferrothorn\n|-damage|p1a: Ferrothorn|0 fnt\n|faint|p1a: Ferrothorn\n|\n|-heal|p2a: Necrozma|182/272|[from] item: Leftovers\n|upkeep\n|\n|t:|1685441391\n|switch|p1a: Aromatisse|Aromatisse, L88, M|321/321\n|turn|8\n|\n|t:|1685441407\n|move|p2a: Necrozma|Photon Geyser|p1a: Aromatisse\n|-damage|p1a: Aromatisse|150/321\n|move|p1a: Aromatisse|Moonblast|p2a: Necrozma\n|-damage|p2a: Necrozma|121/272\n|\n|-heal|p2a: Necrozma|138/272|[from] item: Leftovers\n|-heal|p1a: Aromatisse|170/321|[from] item: Leftovers\n|upkeep\n|turn|9\n|\n|t:|1685441431\n|move|p2a: Necrozma|Photon Geyser|p1a: Aromatisse\n|-damage|p1a: Aromatisse|0 fnt\n|faint|p1a: Aromatisse\n|\n|-heal|p2a: Necrozma|155/272|[from] item: Leftovers\n|upkeep\n|\n|t:|1685441438\n|switch|p1a: Groudon|Groudon, L73|266/266\n|-weather|SunnyDay|[from] ability: Drought|[of] p1a: Groudon\n|turn|10\n|\n|t:|1685441449\n|move|p1a: Groudon|Precipice Blades|p2a: Necrozma\n|-damage|p2a: Necrozma|17/272\n|move|p2a: Necrozma|Moongeist Beam|p1a: Groudon\n|-damage|p1a: Groudon|58/266\n|\n|-weather|SunnyDay|[upkeep]\n|-heal|p1a: Groudon|74/266|[from] item: Leftovers\n|-heal|p2a: Necrozma|34/272|[from] item: Leftovers\n|upkeep\n|turn|11\n|\n|t:|1685441468\n|-start|p2a: Necrozma|Dynamax|\n|-heal|p2a: Necrozma|68/544|[silent]\n|move|p1a: Groudon|Precipice Blades|p2a: Necrozma|[miss]\n|-miss|p1a: Groudon|p2a: Necrozma\n|move|p2a: Necrozma|Max Phantasm|p1a: Groudon\n|-damage|p1a: Groudon|0 fnt\n|faint|p1a: Groudon\n|\n|win|OnlyGolden\n|l|\u2606SourishCandle69\n", "inputlog": ">version 6fec31d5a0d4498a06105aa188c9906bc0b6bf95\n>start {\"formatid\":\"gen8randombattle\",\"seed\":[42762,3624,26480,760]}\n>player p1 {\"name\":\"SourishCandle69\",\"avatar\":\"n\",\"rating\":0,\"seed\":[33781,58112,61221,49375]}\n>player p2 {\"name\":\"OnlyGolden\",\"avatar\":\"ingo\",\"rating\":0,\"seed\":[8958,44051,55884,53801]}\n>p1 switch 6\n>p2 move earthquake\n>p1 move closecombat\n>p2 move earthquake\n>p1 switch 2\n>p1 move stealthrock\n>p2 switch 2\n>p1 move earthquake\n>p2 move calmmind\n>p1 move earthquake\n>p2 move moongeistbeam\n>p1 switch 5\n>p1 move toxic\n>p2 move moongeistbeam\n>p1 switch 3\n>p1 move knockoff\n>p2 move heatwave\n>p1 switch 6\n>p1 move moonblast\n>p2 move photongeyser\n>p1 move moonblast\n>p2 move photongeyser\n>p1 switch 4\n>p1 move precipiceblades\n>p2 move moongeistbeam\n>p1 move precipiceblades\n>p2 move moongeistbeam dynamax", "uploadtime": 1685441480, "views": 7, "p1id": "sourishcandle69", "p2id": "onlygolden", "formatid": "gen8randombattle", "rating": 0, "private": 0, "password": ""}