{"id": "gen8randombattle-1872837080", "p1": "Irpachuza!", "p2": "TheBugsHaveArrived", "format": "[Gen 8] Random Battle", "log": "|j|\u2606Irpachuza!\n|j|\u2606TheBugsHaveArrived\n|t:|1685290941\n|gametype|singles\n|player|p1|Irpachuza!|#irpachuza|\n|player|p2|TheBugsHaveArrived|bugsy|\n|teamsize|p1|6\n|teamsize|p2|6\n|gen|8\n|tier|[Gen 8] Random Battle\n|rule|Species Clause: Limit one of each Pok\u00e9mon\n|rule|HP Percentage Mod: HP is shown in percentages\n|rule|Sleep Clause Mod: Limit one foe put to sleep\n|\n|t:|1685290941\n|start\n|switch|p1a: Turtonator|Turtonator, L84, F|238/238\n|switch|p2a: Sawk|Sawk, L86, M|269/269\n|-ability|p2a: Sawk|Mold Breaker\n|turn|1\n|c|\u2606Irpachuza!|glhf\n|c|\u2606TheBugsHaveArrived|u2\n|\n|t:|1685290956\n|move|p2a: Sawk|Bulk Up|p2a: Sawk\n|-boost|p2a: Sawk|atk|1\n|-boost|p2a: Sawk|def|1\n|move|p1a: Turtonator|Shell Smash|p1a: Turtonator\n|-unboost|p1a: Turtonator|def|1\n|-unboost|p1a: Turtonator|spd|1\n|-boost|p1a: Turtonator|atk|2\n|-boost|p1a: Turtonator|spa|2\n|-boost|p1a: Turtonator|spe|2\n|-enditem|p1a: Turtonator|White Herb\n|-clearnegativeboost|p1a: Turtonator|[silent]\n|\n|upkeep\n|turn|2\n|c|\u2606TheBugsHaveArrived|I forgot it had that\n|\n|t:|1685290969\n|move|p1a: Turtonator|Fire Blast|p2a: Sawk\n|-damage|p2a: Sawk|26/269\n|move|p2a: Sawk|Stone Edge|p1a: Turtonator\n|-supereffective|p1a: Turtonator\n|-damage|p1a: Turtonator|0 fnt\n|faint|p1a: Turtonator\n|-damage|p2a: Sawk|0 fnt|[from] item: Life Orb\n|faint|p2a: Sawk\n|\n|upkeep\n|\n|t:|1685290985\n|switch|p2a: Nidoqueen|Nidoqueen, L84, F|288/288\n|switch|p1a: Galvantula|Galvantula, L82, F|249/249\n|turn|3\n|\n|t:|1685290991\n|move|p1a: Galvantula|Sticky Web|p2a: Nidoqueen\n|-sidestart|p2: TheBugsHaveArrived|move: Sticky Web\n|move|p2a: Nidoqueen|Stealth Rock|p1a: Galvantula\n|-sidestart|p1: Irpachuza!|move: Stealth Rock\n|\n|upkeep\n|turn|4\n|\n|t:|1685291001\n|switch|p1a: Beartic|Beartic, L86, M|304/304\n|move|p2a: Nidoqueen|Earth Power|p1a: Beartic\n|-damage|p1a: Beartic|168/304\n|\n|upkeep\n|turn|5\n|\n|t:|1685291009\n|move|p2a: Nidoqueen|Sludge Wave|p1a: Beartic\n|-damage|p1a: Beartic|12/304\n|move|p1a: Beartic|Icicle Crash|p2a: Nidoqueen\n|-supereffective|p2a: Nidoqueen\n|-damage|p2a: Nidoqueen|30/288\n|\n|upkeep\n|turn|6\n|\n|t:|1685291015\n|move|p2a: Nidoqueen|Sludge Wave|p1a: Beartic\n|-damage|p1a: Beartic|0 fnt\n|faint|p1a: Beartic\n|\n|upkeep\n|\n|t:|1685291023\n|switch|p1a: Galvantula|Galvantula, L82, F|249/249\n|turn|7\n|\n|t:|1685291056\n|move|p1a: Galvantula|Giga Drain|p2a: Nidoqueen\n|-damage|p2a: Nidoqueen|0 fnt\n|faint|p2a: Nidoqueen\n|\n|upkeep\n|\n|t:|1685291062\n|switch|p2a: Slowking|Slowking-Galar, L84, M|238/238\n|-activate|p2a: Slowking|move: Sticky Web\n|-unboost|p2a: Slowking|spe|1\n|turn|8\n|\n|t:|1685291073\n|move|p2a: Slowking|Flamethrower|p1a: Galvantula\n|-supereffective|p1a: Galvantula\n|-damage|p1a: Galvantula|39/249\n|move|p1a: Galvantula|Thunder|p2a: Slowking\n|-damage|p2a: Slowking|94/238\n|-status|p2a: Slowking|par\n|replace|p2a: Zoroark|Zoroark, L84, M\n|-end|p2a: Zoroark|Illusion\n|\n|upkeep\n|turn|9\n|\n|t:|1685291079\n|move|p1a: Galvantula|Bug Buzz|p2a: Zoroark\n|-supereffective|p2a: Zoroark\n|-damage|p2a: Zoroark|0 fnt\n|faint|p2a: Zoroark\n|\n|upkeep\n|\n|t:|1685291092\n|switch|p2a: Slowking|Slowking-Galar, L84, M|297/297\n|-activate|p2a: Slowking|move: Sticky Web\n|-unboost|p2a: Slowking|spe|1\n|turn|10\n|\n|t:|1685291099\n|move|p1a: Galvantula|Thunder|p2a: Slowking\n|-damage|p2a: Slowking|209/297\n|move|p2a: Slowking|Sludge Bomb|p1a: Galvantula\n|-damage|p1a: Galvantula|0 fnt\n|faint|p1a: Galvantula\n|\n|-heal|p2a: Slowking|227/297|[from] item: Black Sludge\n|upkeep\n|\n|t:|1685291106\n|switch|p1a: Throh|Throh, L86, M|347/347\n|-damage|p1a: Throh|326/347|[from] Stealth Rock\n|turn|11\n|\n|t:|1685291115\n|move|p1a: Throh|Knock Off|p2a: Slowking\n|-supereffective|p2a: Slowking\n|-damage|p2a: Slowking|81/297\n|-enditem|p2a: Slowking|Black Sludge|[from] move: Knock Off|[of] p1a: Throh\n|move|p2a: Slowking|Sludge Bomb|p1a: Throh\n|-damage|p1a: Throh|217/347\n|\n|-heal|p1a: Throh|238/347|[from] item: Leftovers\n|upkeep\n|turn|12\n|c|\u2606TheBugsHaveArrived|Huh so it wasn't zoroark\n|\n|t:|1685291128\n|move|p1a: Throh|Knock Off|p2a: Slowking\n|-supereffective|p2a: Slowking\n|-damage|p2a: Slowking|0 fnt\n|faint|p2a: Slowking\n|\n|-heal|p1a: Throh|259/347|[from] item: Leftovers\n|upkeep\n|\n|t:|1685291133\n|switch|p2a: Magmortar|Magmortar, L86, F|269/269\n|turn|13\n|\n|t:|1685291158\n|move|p2a: Magmortar|Psychic|p1a: Throh\n|-supereffective|p1a: Throh\n|-damage|p1a: Throh|85/347\n|move|p1a: Throh|Knock Off|p2a: Magmortar\n|-damage|p2a: Magmortar|175/269\n|-enditem|p2a: Magmortar|Heavy-Duty Boots|[from] move: Knock Off|[of] p1a: Throh\n|\n|-heal|p1a: Throh|106/347|[from] item: Leftovers\n|upkeep\n|turn|14\n|\n|t:|1685291165\n|move|p2a: Magmortar|Psychic|p1a: Throh\n|-supereffective|p1a: Throh\n|-crit|p1a: Throh\n|-damage|p1a: Throh|0 fnt\n|faint|p1a: Throh\n|\n|upkeep\n|\n|t:|1685291169\n|switch|p1a: Clefable|Clefable, L82, F|290/290\n|turn|15\n|\n|t:|1685291179\n|move|p2a: Magmortar|Fire Blast|p1a: Clefable\n|-damage|p1a: Clefable|139/290\n|move|p1a: Clefable|Calm Mind|p1a: Clefable\n|-boost|p1a: Clefable|spa|1\n|-boost|p1a: Clefable|spd|1\n|\n|upkeep\n|turn|16\n|\n|t:|1685291206\n|move|p2a: Magmortar|Taunt|p1a: Clefable\n|-start|p1a: Clefable|move: Taunt\n|cant|p1a: Clefable|move: Taunt|Soft-Boiled\n|\n|upkeep\n|turn|17\n|\n|t:|1685291227\n|move|p2a: Magmortar|Fire Blast|p1a: Clefable\n|-damage|p1a: Clefable|34/290\n|move|p1a: Clefable|Moonblast|p2a: Magmortar\n|-resisted|p2a: Magmortar\n|-damage|p2a: Magmortar|92/269\n|\n|upkeep\n|turn|18\n|\n|t:|1685291258\n|move|p2a: Magmortar|Psychic|p1a: Clefable\n|-damage|p1a: Clefable|0 fnt\n|faint|p1a: Clefable\n|\n|upkeep\n|\n|t:|1685291260\n|switch|p1a: Tapu Lele|Tapu Lele, L79|240/240\n|-damage|p1a: Tapu Lele|210/240|[from] Stealth Rock\n|-fieldstart|move: Psychic Terrain|[from] ability: Psychic Surge|[of] p1a: Tapu Lele\n|turn|19\n|\n|t:|1685291269\n|move|p1a: Tapu Lele|Psychic|p2a: Magmortar\n|-damage|p2a: Magmortar|0 fnt\n|faint|p2a: Magmortar\n|-damage|p1a: Tapu Lele|186/240|[from] item: Life Orb\n|\n|upkeep\n|j|+Javitu\n|\n|t:|1685291273\n|switch|p2a: Cinccino|Cinccino, L84, M|263/263\n|-activate|p2a: Cinccino|move: Sticky Web\n|-unboost|p2a: Cinccino|spe|1\n|turn|20\n|\n|t:|1685291282\n|-start|p1a: Tapu Lele|Dynamax|\n|-heal|p1a: Tapu Lele|372/480|[silent]\n|-start|p2a: Cinccino|Dynamax|\n|-heal|p2a: Cinccino|526/526|[silent]\n|move|p1a: Tapu Lele|Max Mindstorm|p2a: Cinccino\n|-damage|p2a: Cinccino|206/526\n|-damage|p1a: Tapu Lele|348/480|[from] item: Life Orb\n|move|p2a: Cinccino|Max Strike|p1a: Tapu Lele\n|-damage|p1a: Tapu Lele|137/480\n|-unboost|p1a: Tapu Lele|spe|1\n|-damage|p2a: Cinccino|180/526|[from] item: Life Orb\n|\n|upkeep\n|turn|21\n|\n|t:|1685291295\n|move|p1a: Tapu Lele|Max Guard|p1a: Tapu Lele\n|-singleturn|p1a: Tapu Lele|Max Guard\n|move|p2a: Cinccino|Max Strike|p1a: Tapu Lele\n|-activate|p1a: Tapu Lele|move: Max Guard\n|\n|upkeep\n|turn|22\n|\n|t:|1685291301\n|move|p2a: Cinccino|Max Strike|p1a: Tapu Lele\n|-damage|p1a: Tapu Lele|0 fnt\n|faint|p1a: Tapu Lele\n|-damage|p2a: Cinccino|154/526|[from] item: Life Orb\n|\n|win|TheBugsHaveArrived\n|c|\u2606TheBugsHaveArrived|ggwp\n|c|\u2606Irpachuza!|ggs\n|c|\u2606TheBugsHaveArrived|wow I didn't think I'd win\n|l|\u2606Irpachuza!\n|c|\u2606TheBugsHaveArrived|that was really close\n|l|\u2606TheBugsHaveArrived\n|l|+Javitu\n|j|\u2606TheBugsHaveArrived\n|player|p2|TheBugsHaveArrived|bugsy\n", "inputlog": ">version d74822bbc74c095aa312053f7034baee3068d99e\n>start {\"formatid\":\"gen8randombattle\",\"seed\":[6606,21377,42369,59882]}\n>player p1 {\"name\":\"Irpachuza!\",\"avatar\":\"#irpachuza\",\"rating\":0,\"seed\":[15443,60941,54218,48806]}\n>player p2 {\"name\":\"TheBugsHaveArrived\",\"avatar\":\"bugsy\",\"rating\":0,\"seed\":[50917,38044,3920,57930]}\n>chat \u2606Irpachuza!|glhf\n>chat \u2606TheBugsHaveArrived|u2\n>p1 move shellsmash\n>p2 move bulkup\n>chat \u2606TheBugsHaveArrived|I forgot it had that\n>p1 move fireblast\n>p2 move stoneedge\n>p1 switch 6\n>p2 switch 3\n>p1 move stickyweb\n>p2 move stealthrock\n>p1 switch 4\n>p2 move earthpower\n>p1 move iciclecrash\n>p2 move sludgewave\n>p1 move iciclecrash\n>p2 move sludgewave\n>p1 switch 4\n>p1 move gigadrain\n>p2 move sludgewave\n>p2 switch 2\n>p1 move thunder\n>p2 move flamethrower\n>p1 move bugbuzz\n>p2 move flamethrower\n>p2 switch 6\n>p1 move thunder\n>p2 move sludgebomb\n>p1 switch 3\n>p1 move knockoff\n>p2 move sludgebomb\n>chat \u2606TheBugsHaveArrived|Huh so it wasn't zoroark\n>p1 move knockoff\n>p2 move psyshock\n>p2 switch 5\n>p1 move knockoff\n>p2 move psychic\n>p1 move circlethrow\n>p2 move psychic\n>p1 switch 2\n>p1 move calmmind\n>p2 move fireblast\n>p1 move softboiled\n>p2 move taunt\n>p1 move moonblast\n>p2 move fireblast\n>p1 move moonblast\n>p2 move psychic\n>p1 switch 5\n>p1 move psychic\n>p2 move fireblast\n>p2 switch 4\n>p1 move psychic dynamax\n>p2 move tailslap dynamax\n>p1 move calmmind dynamax\n>p2 move tailslap dynamax\n>p1 move psychic dynamax\n>p2 move tailslap dynamax", "uploadtime": 1685291505, "views": 8, "p1id": "irpachuza", "p2id": "thebugshavearrived", "formatid": "gen8randombattle", "rating": 0, "private": 0, "password": ""}