|j|☆Stormbriar
|j|☆koilerz
|t:|1685154021
|gametype|singles
|player|p1|Stormbriar|pokekid|
|player|p2|koilerz|ingo|
|teamsize|p1|6
|teamsize|p2|6
|gen|8
|tier|[Gen 8] Random Battle
|rule|Species Clause: Limit one of each Pokémon
|rule|HP Percentage Mod: HP is shown in percentages
|rule|Sleep Clause Mod: Limit one foe put to sleep
|
|t:|1685154021
|start
|switch|p1a: Cofagrigus|Cofagrigus, L86, M|240/240
|switch|p2a: Arctovish|Arctovish, L86|295/295
|turn|1
|
|t:|1685154063
|move|p2a: Arctovish|Fishious Rend|p1a: Cofagrigus
|-damage|p1a: Cofagrigus|63/240
|-activate|p1a: Cofagrigus|ability: Mummy|Water Absorb|[of] p2a: Arctovish
|move|p1a: Cofagrigus|Toxic Spikes|p2a: Arctovish
|-sidestart|p2: koilerz|move: Toxic Spikes
|
|-heal|p1a: Cofagrigus|78/240|[from] item: Leftovers
|upkeep
|turn|2
|
|t:|1685154077
|move|p2a: Arctovish|Fishious Rend|p1a: Cofagrigus
|-damage|p1a: Cofagrigus|0 fnt
|faint|p1a: Cofagrigus
|
|upkeep
|
|t:|1685154082
|switch|p1a: Ludicolo|Ludicolo, L86, M|278/278
|turn|3
|
|t:|1685154095
|move|p1a: Ludicolo|Giga Drain|p2a: Arctovish
|-supereffective|p2a: Arctovish
|-damage|p2a: Arctovish|100/295
|-damage|p1a: Ludicolo|251/278|[from] item: Life Orb
|move|p2a: Arctovish|Fishious Rend|p1a: Ludicolo
|-resisted|p1a: Ludicolo
|-damage|p1a: Ludicolo|214/278
|
|upkeep
|turn|4
|
|t:|1685154112
|move|p1a: Ludicolo|Giga Drain|p2a: Arctovish
|-supereffective|p2a: Arctovish
|-damage|p2a: Arctovish|0 fnt
|-heal|p1a: Ludicolo|264/278|[from] drain|[of] p2a: Arctovish
|faint|p2a: Arctovish
|-damage|p1a: Ludicolo|237/278|[from] item: Life Orb
|
|upkeep
|
|t:|1685154130
|switch|p2a: Registeel|Registeel, L83|268/268
|turn|5
|
|t:|1685154173
|move|p1a: Ludicolo|Ice Beam|p2a: Registeel
|-resisted|p2a: Registeel
|-damage|p2a: Registeel|241/268
|-damage|p1a: Ludicolo|210/278|[from] item: Life Orb
|move|p2a: Registeel|Iron Head|p1a: Ludicolo
|-resisted|p1a: Ludicolo
|-damage|p1a: Ludicolo|168/278
|
|-heal|p2a: Registeel|257/268|[from] item: Leftovers
|upkeep
|turn|6
|
|t:|1685154189
|move|p1a: Ludicolo|Rain Dance|p1a: Ludicolo
|-weather|RainDance
|move|p2a: Registeel|Curse|p2a: Registeel
|-unboost|p2a: Registeel|spe|1
|-boost|p2a: Registeel|atk|1
|-boost|p2a: Registeel|def|1
|
|-weather|RainDance|[upkeep]
|-heal|p2a: Registeel|268/268|[from] item: Leftovers
|upkeep
|turn|7
|
|t:|1685154200
|move|p1a: Ludicolo|Scald|p2a: Registeel
|-damage|p2a: Registeel|159/268
|-damage|p1a: Ludicolo|141/278|[from] item: Life Orb
|move|p2a: Registeel|Iron Head|p1a: Ludicolo
|-resisted|p1a: Ludicolo
|-damage|p1a: Ludicolo|86/278
|
|-weather|RainDance|[upkeep]
|-heal|p2a: Registeel|175/268|[from] item: Leftovers
|upkeep
|turn|8
|
|t:|1685154211
|move|p1a: Ludicolo|Scald|p2a: Registeel
|-damage|p2a: Registeel|58/268
|-status|p2a: Registeel|brn
|-damage|p1a: Ludicolo|59/278|[from] item: Life Orb
|move|p2a: Registeel|Iron Head|p1a: Ludicolo
|-resisted|p1a: Ludicolo
|-damage|p1a: Ludicolo|29/278
|
|-weather|RainDance|[upkeep]
|-heal|p2a: Registeel|74/268 brn|[from] item: Leftovers
|-damage|p2a: Registeel|58/268 brn|[from] brn
|upkeep
|turn|9
|
|t:|1685154222
|move|p1a: Ludicolo|Scald|p2a: Registeel
|-damage|p2a: Registeel|0 fnt
|faint|p2a: Registeel
|-damage|p1a: Ludicolo|2/278|[from] item: Life Orb
|
|-weather|RainDance|[upkeep]
|upkeep
|
|t:|1685154227
|switch|p2a: Pincurchin|Pincurchin, L88, F|228/228
|-status|p2a: Pincurchin|psn
|-fieldstart|move: Electric Terrain|[from] ability: Electric Surge|[of] p2a: Pincurchin
|turn|10
|
|t:|1685154243
|switch|p1a: Mamoswine|Mamoswine, L80, F|307/307
|move|p2a: Pincurchin|Sucker Punch||[still]
|-fail|p2a: Pincurchin
|
|-weather|none
|-damage|p2a: Pincurchin|200/228 psn|[from] psn
|upkeep
|turn|11
|
|t:|1685154258
|move|p1a: Mamoswine|Earthquake|p2a: Pincurchin
|-supereffective|p2a: Pincurchin
|-enditem|p2a: Pincurchin|Shuca Berry|[eat]
|-enditem|p2a: Pincurchin|Shuca Berry|[weaken]
|-damage|p2a: Pincurchin|97/228 psn
|move|p2a: Pincurchin|Spikes|p1a: Mamoswine
|-sidestart|p1: Stormbriar|Spikes
|
|-damage|p2a: Pincurchin|69/228 psn|[from] psn
|upkeep
|turn|12
|
|t:|1685154265
|move|p1a: Mamoswine|Earthquake|p2a: Pincurchin
|-supereffective|p2a: Pincurchin
|-damage|p2a: Pincurchin|0 fnt
|faint|p2a: Pincurchin
|
|upkeep
|
|t:|1685154270
|switch|p2a: Runerigus|Runerigus, L84, F|235/235
|-status|p2a: Runerigus|psn
|turn|13
|
|t:|1685154294
|switch|p1a: Ludicolo|Ludicolo, L86, M|2/278
|-damage|p1a: Ludicolo|0 fnt|[from] Spikes
|faint|p1a: Ludicolo
|move|p2a: Runerigus|Earthquake|p1: Ludicolo|[notarget]
|-fail|p2a: Runerigus
|
|-damage|p2a: Runerigus|206/235 psn|[from] psn
|upkeep
|
|t:|1685154305
|switch|p1a: Aromatisse|Aromatisse, L88, M|321/321
|-damage|p1a: Aromatisse|281/321|[from] Spikes
|turn|14
|
|t:|1685154317
|move|p1a: Aromatisse|Protect|p1a: Aromatisse
|-singleturn|p1a: Aromatisse|Protect
|move|p2a: Runerigus|Toxic Spikes|p1a: Aromatisse
|-sidestart|p1: Stormbriar|move: Toxic Spikes
|
|-heal|p1a: Aromatisse|301/321|[from] item: Leftovers
|-heal|p2a: Runerigus|220/235 psn|[from] item: Leftovers
|-damage|p2a: Runerigus|191/235 psn|[from] psn
|-fieldend|move: Electric Terrain
|upkeep
|turn|15
|
|t:|1685154327
|move|p1a: Aromatisse|Moonblast|p2a: Runerigus
|-damage|p2a: Runerigus|88/235 psn
|move|p2a: Runerigus|Stealth Rock|p1a: Aromatisse
|-sidestart|p1: Stormbriar|move: Stealth Rock
|
|-heal|p1a: Aromatisse|321/321|[from] item: Leftovers
|-heal|p2a: Runerigus|102/235 psn|[from] item: Leftovers
|-damage|p2a: Runerigus|73/235 psn|[from] psn
|upkeep
|turn|16
|
|t:|1685154339
|move|p1a: Aromatisse|Moonblast|p2a: Runerigus
|-damage|p2a: Runerigus|0 fnt
|faint|p2a: Runerigus
|
|upkeep
|
|t:|1685154346
|switch|p2a: Talonflame|Talonflame, L81, M|259/259
|turn|17
|
|t:|1685154371
|move|p1a: Aromatisse|Protect|p1a: Aromatisse
|-singleturn|p1a: Aromatisse|Protect
|move|p2a: Talonflame|Swords Dance|p2a: Talonflame
|-boost|p2a: Talonflame|atk|2
|
|upkeep
|turn|18
|
|t:|1685154378
|move|p2a: Talonflame|Swords Dance|p2a: Talonflame
|-boost|p2a: Talonflame|atk|2
|move|p1a: Aromatisse|Moonblast|p2a: Talonflame
|-resisted|p2a: Talonflame
|-damage|p2a: Talonflame|190/259
|
|upkeep
|turn|19
|
|t:|1685154411
|switch|p1a: Mamoswine|Mamoswine, L80, F|307/307
|-damage|p1a: Mamoswine|269/307|[from] Spikes
|-status|p1a: Mamoswine|psn
|-damage|p1a: Mamoswine|231/307 psn|[from] Stealth Rock
|move|p2a: Talonflame|Swords Dance|p2a: Talonflame
|-boost|p2a: Talonflame|atk|2
|
|-damage|p1a: Mamoswine|193/307 psn|[from] psn
|upkeep
|turn|20
|
|t:|1685154444
|move|p1a: Mamoswine|Knock Off|p2a: Talonflame
|-damage|p2a: Talonflame|91/259
|-enditem|p2a: Talonflame|Heavy-Duty Boots|[from] move: Knock Off|[of] p1a: Mamoswine
|move|p2a: Talonflame|Flare Blitz|p1a: Mamoswine
|-supereffective|p1a: Mamoswine
|-damage|p1a: Mamoswine|0 fnt
|faint|p1a: Mamoswine
|-damage|p2a: Talonflame|27/259|[from] Recoil
|
|upkeep
|
|t:|1685154455
|switch|p1a: Aromatisse|Aromatisse, L88, M|321/321
|-damage|p1a: Aromatisse|281/321|[from] Spikes
|-status|p1a: Aromatisse|psn
|-damage|p1a: Aromatisse|241/321 psn|[from] Stealth Rock
|turn|21
|
|t:|1685154472
|move|p2a: Talonflame|Roost|p2a: Talonflame
|-heal|p2a: Talonflame|157/259
|-singleturn|p2a: Talonflame|move: Roost
|move|p1a: Aromatisse|Moonblast|p2a: Talonflame
|-resisted|p2a: Talonflame
|-damage|p2a: Talonflame|93/259
|-unboost|p2a: Talonflame|spa|1
|
|-heal|p1a: Aromatisse|261/321 psn|[from] item: Leftovers
|-damage|p1a: Aromatisse|221/321 psn|[from] psn
|upkeep
|turn|22
|
|t:|1685154485
|move|p1a: Aromatisse|Protect|p1a: Aromatisse
|-singleturn|p1a: Aromatisse|Protect
|move|p2a: Talonflame|Roost|p2a: Talonflame
|-heal|p2a: Talonflame|223/259
|-singleturn|p2a: Talonflame|move: Roost
|
|-heal|p1a: Aromatisse|241/321 psn|[from] item: Leftovers
|-damage|p1a: Aromatisse|201/321 psn|[from] psn
|upkeep
|turn|23
|
|t:|1685154495
|switch|p1a: Lucario|Lucario, L82, F|249/249
|-damage|p1a: Lucario|218/249|[from] Spikes
|-damage|p1a: Lucario|211/249|[from] Stealth Rock
|move|p2a: Talonflame|Swords Dance|p2a: Talonflame
|-boost|p2a: Talonflame|atk|0
|
|upkeep
|turn|24
|
|t:|1685154514
|move|p1a: Lucario|Extreme Speed|p2a: Talonflame
|-damage|p2a: Talonflame|132/259
|-damage|p1a: Lucario|187/249|[from] item: Life Orb
|move|p2a: Talonflame|Flare Blitz|p1a: Lucario
|-supereffective|p1a: Lucario
|-damage|p1a: Lucario|0 fnt
|faint|p1a: Lucario
|-damage|p2a: Talonflame|70/259|[from] Recoil
|
|upkeep
|
|t:|1685154523
|switch|p1a: Leafeon|Leafeon, L86, M|252/252
|-damage|p1a: Leafeon|221/252|[from] Spikes
|-status|p1a: Leafeon|psn
|-enditem|p1a: Leafeon|Lum Berry|[eat]
|-curestatus|p1a: Leafeon|psn|[msg]
|-damage|p1a: Leafeon|190/252|[from] Stealth Rock
|turn|25
|
|t:|1685154539
|-start|p1a: Leafeon|Dynamax|
|-heal|p1a: Leafeon|380/504|[silent]
|move|p2a: Talonflame|Roost|p2a: Talonflame
|-heal|p2a: Talonflame|200/259
|-singleturn|p2a: Talonflame|move: Roost
|move|p1a: Leafeon|Max Overgrowth|p2a: Talonflame
|-resisted|p2a: Talonflame
|-damage|p2a: Talonflame|98/259
|-fieldstart|move: Grassy Terrain
|
|-heal|p2a: Talonflame|114/259|[from] Grassy Terrain
|-heal|p1a: Leafeon|395/504|[from] Grassy Terrain
|upkeep
|turn|26
|
|t:|1685154560
|move|p2a: Talonflame|Flare Blitz|p1a: Leafeon
|-supereffective|p1a: Leafeon
|-damage|p1a: Leafeon|0 fnt
|faint|p1a: Leafeon
|-damage|p2a: Talonflame|0 fnt|[from] Recoil
|faint|p2a: Talonflame
|
|upkeep
|
|t:|1685154572
|switch|p2a: Mesprit|Mesprit, L84|272/272
|switch|p1a: Aromatisse|Aromatisse, L88, M|201/321 psn
|-damage|p1a: Aromatisse|161/321 psn|[from] Spikes
|-damage|p1a: Aromatisse|121/321 psn|[from] Stealth Rock
|turn|27
|
|t:|1685154592
|-start|p2a: Mesprit|Dynamax|
|-heal|p2a: Mesprit|544/544|[silent]
|move|p2a: Mesprit|Max Guard|p2a: Mesprit
|-singleturn|p2a: Mesprit|Max Guard
|move|p1a: Aromatisse|Wish|p1a: Aromatisse
|
|-heal|p1a: Aromatisse|141/321 psn|[from] Grassy Terrain
|-heal|p1a: Aromatisse|161/321 psn|[from] item: Leftovers
|-damage|p1a: Aromatisse|121/321 psn|[from] psn
|upkeep
|turn|28
|
|t:|1685154600
|move|p1a: Aromatisse|Protect|p1a: Aromatisse
|-singleturn|p1a: Aromatisse|Protect
|move|p2a: Mesprit|Max Mindstorm|p1a: Aromatisse
|-zbroken|p1a: Aromatisse
|-damage|p1a: Aromatisse|86/321 psn
|-fieldstart|move: Psychic Terrain
|
|-heal|p1a: Aromatisse|246/321 psn|[from] move: Wish|[wisher] Aromatisse
|-heal|p1a: Aromatisse|266/321 psn|[from] item: Leftovers
|-damage|p1a: Aromatisse|226/321 psn|[from] psn
|upkeep
|turn|29
|
|t:|1685154614
|move|p2a: Mesprit|Max Mindstorm|p1a: Aromatisse
|-damage|p1a: Aromatisse|79/321 psn
|move|p1a: Aromatisse|Moonblast|p2a: Mesprit
|-damage|p2a: Mesprit|448/544
|
|-heal|p2a: Mesprit|465/544|[from] item: Leftovers
|-heal|p1a: Aromatisse|99/321 psn|[from] item: Leftovers
|-damage|p1a: Aromatisse|59/321 psn|[from] psn
|upkeep
|-end|p2a: Mesprit|Dynamax
|-heal|p2a: Mesprit|233/272|[silent]
|turn|30
|
|t:|1685154625
|move|p1a: Aromatisse|Protect|p1a: Aromatisse
|-singleturn|p1a: Aromatisse|Protect
|move|p2a: Mesprit|Psychic|p1a: Aromatisse
|-activate|p1a: Aromatisse|move: Protect
|
|-heal|p2a: Mesprit|250/272|[from] item: Leftovers
|-heal|p1a: Aromatisse|79/321 psn|[from] item: Leftovers
|-damage|p1a: Aromatisse|39/321 psn|[from] psn
|upkeep
|turn|31
|
|t:|1685154634
|move|p2a: Mesprit|Psychic|p1a: Aromatisse
|-damage|p1a: Aromatisse|0 fnt
|faint|p1a: Aromatisse
|
|win|koilerz
|l|☆Stormbriar
