|j|☆FarBocko
|j|☆TheAlien290
|t:|1685266893
|gametype|singles
|player|p1|FarBocko|265|
|player|p2|TheAlien290|1|
|teamsize|p1|6
|teamsize|p2|6
|gen|8
|tier|[Gen 8] Random Battle
|rule|Species Clause: Limit one of each Pokémon
|rule|HP Percentage Mod: HP is shown in percentages
|rule|Sleep Clause Mod: Limit one foe put to sleep
|
|t:|1685266893
|start
|switch|p1a: Avalugg|Avalugg, L86, M|303/303
|switch|p2a: Runerigus|Runerigus, L84, F|235/235
|turn|1
|
|t:|1685266914
|switch|p2a: Perrserker|Perrserker, L86, F|261/261
|move|p1a: Avalugg|Curse|p1a: Avalugg
|-unboost|p1a: Avalugg|spe|1
|-boost|p1a: Avalugg|atk|1
|-boost|p1a: Avalugg|def|1
|
|upkeep
|turn|2
|
|t:|1685266932
|move|p2a: Perrserker|Iron Head|p1a: Avalugg
|-supereffective|p1a: Avalugg
|-damage|p1a: Avalugg|135/303
|move|p1a: Avalugg|Body Press|p2a: Perrserker
|-supereffective|p2a: Perrserker
|-damage|p2a: Perrserker|0 fnt
|faint|p2a: Perrserker
|
|-heal|p1a: Avalugg|153/303|[from] item: Leftovers
|upkeep
|
|t:|1685266940
|switch|p2a: Bisharp|Bisharp, L80, F|235/235
|turn|3
|
|t:|1685266950
|move|p2a: Bisharp|Iron Head|p1a: Avalugg
|-supereffective|p1a: Avalugg
|-damage|p1a: Avalugg|67/303
|-damage|p2a: Bisharp|212/235|[from] item: Life Orb
|move|p1a: Avalugg|Body Press|p2a: Bisharp
|-supereffective|p2a: Bisharp
|-damage|p2a: Bisharp|0 fnt
|faint|p2a: Bisharp
|
|-heal|p1a: Avalugg|85/303|[from] item: Leftovers
|upkeep
|
|t:|1685266970
|switch|p2a: Politoed|Politoed, L86, F|295/295
|-weather|RainDance|[from] ability: Drizzle|[of] p2a: Politoed
|turn|4
|
|t:|1685266978
|move|p2a: Politoed|Scald|p1a: Avalugg
|-damage|p1a: Avalugg|0 fnt
|faint|p1a: Avalugg
|
|-weather|RainDance|[upkeep]
|upkeep
|
|t:|1685266991
|switch|p1a: Regigigas|Regigigas, L82|315/315
|-start|p1a: Regigigas|ability: Slow Start
|turn|5
|
|t:|1685267004
|move|p2a: Politoed|Toxic|p1a: Regigigas
|-status|p1a: Regigigas|tox
|move|p1a: Regigigas|Substitute|p1a: Regigigas
|-start|p1a: Regigigas|Substitute
|-damage|p1a: Regigigas|237/315 tox
|
|-weather|RainDance|[upkeep]
|-heal|p1a: Regigigas|256/315 tox|[from] item: Leftovers
|-damage|p1a: Regigigas|237/315 tox|[from] psn
|upkeep
|turn|6
|
|t:|1685267018
|move|p1a: Regigigas|Protect|p1a: Regigigas
|-singleturn|p1a: Regigigas|Protect
|move|p2a: Politoed|Scald|p1a: Regigigas
|-activate|p1a: Regigigas|move: Protect
|
|-weather|RainDance|[upkeep]
|-heal|p1a: Regigigas|256/315 tox|[from] item: Leftovers
|-damage|p1a: Regigigas|218/315 tox|[from] psn
|upkeep
|turn|7
|
|t:|1685267033
|move|p2a: Politoed|Scald|p1a: Regigigas
|-end|p1a: Regigigas|Substitute
|move|p1a: Regigigas|Body Slam|p2a: Politoed
|-damage|p2a: Politoed|223/295
|
|-weather|RainDance|[upkeep]
|-heal|p2a: Politoed|241/295|[from] item: Leftovers
|-heal|p1a: Regigigas|237/315 tox|[from] item: Leftovers
|-damage|p1a: Regigigas|180/315 tox|[from] psn
|upkeep
|turn|8
|
|t:|1685267047
|move|p1a: Regigigas|Protect|p1a: Regigigas
|-singleturn|p1a: Regigigas|Protect
|move|p2a: Politoed|Scald|p1a: Regigigas
|-activate|p1a: Regigigas|move: Protect
|
|-weather|none
|-heal|p2a: Politoed|259/295|[from] item: Leftovers
|-heal|p1a: Regigigas|199/315 tox|[from] item: Leftovers
|-damage|p1a: Regigigas|123/315 tox|[from] psn
|upkeep
|turn|9
|
|t:|1685267060
|move|p2a: Politoed|Scald|p1a: Regigigas
|-damage|p1a: Regigigas|54/315 tox
|move|p1a: Regigigas|Body Slam|p2a: Politoed
|-damage|p2a: Politoed|192/295
|-status|p2a: Politoed|par
|
|-heal|p1a: Regigigas|73/315 tox|[from] item: Leftovers
|-heal|p2a: Politoed|210/295 par|[from] item: Leftovers
|-damage|p1a: Regigigas|0 fnt|[from] psn
|faint|p1a: Regigigas
|-end|p1a: Regigigas|Slow Start|[silent]
|upkeep
|
|t:|1685267081
|switch|p1a: Amoonguss|Amoonguss, L84, M|329/329
|turn|10
|
|t:|1685267104
|move|p1a: Amoonguss|Spore||[still]
|-fail|p1a: Amoonguss
|move|p2a: Politoed|Ice Beam|p1a: Amoonguss
|-supereffective|p1a: Amoonguss
|-damage|p1a: Amoonguss|203/329
|
|-heal|p1a: Amoonguss|223/329|[from] item: Black Sludge
|-heal|p2a: Politoed|228/295 par|[from] item: Leftovers
|upkeep
|turn|11
|
|t:|1685267114
|move|p1a: Amoonguss|Giga Drain|p2a: Politoed
|-supereffective|p2a: Politoed
|-damage|p2a: Politoed|106/295 par
|-heal|p1a: Amoonguss|284/329|[from] drain|[of] p2a: Politoed
|move|p2a: Politoed|Ice Beam|p1a: Amoonguss
|-supereffective|p1a: Amoonguss
|-damage|p1a: Amoonguss|148/329
|
|-heal|p1a: Amoonguss|168/329|[from] item: Black Sludge
|-heal|p2a: Politoed|124/295 par|[from] item: Leftovers
|upkeep
|turn|12
|
|t:|1685267127
|move|p2a: Politoed|Protect|p2a: Politoed
|-singleturn|p2a: Politoed|Protect
|move|p1a: Amoonguss|Giga Drain|p2a: Politoed
|-activate|p2a: Politoed|move: Protect
|
|-heal|p1a: Amoonguss|188/329|[from] item: Black Sludge
|-heal|p2a: Politoed|142/295 par|[from] item: Leftovers
|upkeep
|turn|13
|
|t:|1685267137
|move|p1a: Amoonguss|Giga Drain|p2a: Politoed
|-supereffective|p2a: Politoed
|-damage|p2a: Politoed|20/295 par
|-heal|p1a: Amoonguss|249/329|[from] drain|[of] p2a: Politoed
|move|p2a: Politoed|Ice Beam|p1a: Amoonguss
|-supereffective|p1a: Amoonguss
|-damage|p1a: Amoonguss|111/329
|-status|p1a: Amoonguss|frz
|
|-heal|p1a: Amoonguss|131/329 frz|[from] item: Black Sludge
|-heal|p2a: Politoed|38/295 par|[from] item: Leftovers
|upkeep
|turn|14
|
|t:|1685267151
|-curestatus|p1a: Amoonguss|frz|[msg]
|move|p1a: Amoonguss|Giga Drain|p2a: Politoed
|-supereffective|p2a: Politoed
|-damage|p2a: Politoed|0 fnt
|-heal|p1a: Amoonguss|150/329|[from] drain|[of] p2a: Politoed
|faint|p2a: Politoed
|
|-heal|p1a: Amoonguss|170/329|[from] item: Black Sludge
|upkeep
|
|t:|1685267157
|switch|p2a: Kyurem|Kyurem-White, L74|307/307
|-ability|p2a: Kyurem|Turboblaze
|turn|15
|
|t:|1685267171
|switch|p1a: Silvally|Silvally-Steel, L84|297/297
|move|p2a: Kyurem|Freeze-Dry|p1a: Silvally
|-resisted|p1a: Silvally
|-damage|p1a: Silvally|235/297
|
|upkeep
|turn|16
|
|t:|1685267200
|switch|p2a: Groudon|Groudon, L73|266/266
|-weather|SunnyDay|[from] ability: Drought|[of] p2a: Groudon
|move|p1a: Silvally|Multi-Attack|p2a: Groudon
|-damage|p2a: Groudon|167/266
|
|-weather|SunnyDay|[upkeep]
|-heal|p2a: Groudon|183/266|[from] item: Leftovers
|upkeep
|turn|17
|
|t:|1685267224
|switch|p1a: Keldeo|Keldeo-Resolute, L79|273/273
|move|p2a: Groudon|Precipice Blades|p1a: Keldeo
|-damage|p1a: Keldeo|137/273
|
|-weather|SunnyDay|[upkeep]
|-heal|p2a: Groudon|199/266|[from] item: Leftovers
|upkeep
|turn|18
|
|t:|1685267244
|switch|p2a: Kyurem|Kyurem-White, L74|307/307
|-ability|p2a: Kyurem|Turboblaze
|move|p1a: Keldeo|Scald|p2a: Kyurem
|-resisted|p2a: Kyurem
|-damage|p2a: Kyurem|274/307
|
|-weather|SunnyDay|[upkeep]
|upkeep
|turn|19
|
|t:|1685267258
|switch|p1a: Zygarde|Zygarde-10%, L82|223/223
|-ability|p1a: Zygarde|Aura Break
|move|p2a: Kyurem|Freeze-Dry|p1a: Zygarde
|-supereffective|p1a: Zygarde
|-damage|p1a: Zygarde|0 fnt
|faint|p1a: Zygarde
|
|-weather|SunnyDay|[upkeep]
|upkeep
|
|t:|1685267270
|switch|p1a: Silvally|Silvally-Steel, L84|235/297
|turn|20
|
|t:|1685267286
|switch|p2a: Runerigus|Runerigus, L84, F|235/235
|move|p1a: Silvally|Multi-Attack|p2a: Runerigus
|-damage|p2a: Runerigus|154/235
|
|-weather|none
|-heal|p2a: Runerigus|168/235|[from] item: Leftovers
|upkeep
|turn|21
|
|t:|1685267300
|move|p1a: Silvally|Multi-Attack|p2a: Runerigus
|-damage|p2a: Runerigus|83/235
|move|p2a: Runerigus|Will-O-Wisp|p1a: Silvally
|-status|p1a: Silvally|brn
|
|-heal|p2a: Runerigus|97/235|[from] item: Leftovers
|-damage|p1a: Silvally|217/297 brn|[from] brn
|upkeep
|turn|22
|
|t:|1685267312
|move|p1a: Silvally|Multi-Attack|p2a: Runerigus
|-damage|p2a: Runerigus|57/235
|move|p2a: Runerigus|Earthquake|p1a: Silvally
|-supereffective|p1a: Silvally
|-damage|p1a: Silvally|13/297 brn
|
|-heal|p2a: Runerigus|71/235|[from] item: Leftovers
|-damage|p1a: Silvally|0 fnt|[from] brn
|faint|p1a: Silvally
|upkeep
|
|t:|1685267324
|switch|p1a: Amoonguss|Amoonguss, L84, M|279/329
|turn|23
|
|t:|1685267339
|move|p1a: Amoonguss|Spore|p2a: Runerigus
|-status|p2a: Runerigus|slp|[from] move: Spore
|cant|p2a: Runerigus|slp
|
|-heal|p2a: Runerigus|85/235 slp|[from] item: Leftovers
|-heal|p1a: Amoonguss|299/329|[from] item: Black Sludge
|upkeep
|turn|24
|
|t:|1685267356
|switch|p2a: Kyurem|Kyurem-White, L74|274/307
|-ability|p2a: Kyurem|Turboblaze
|move|p1a: Amoonguss|Giga Drain|p2a: Kyurem
|-resisted|p2a: Kyurem
|-damage|p2a: Kyurem|235/307
|-heal|p1a: Amoonguss|319/329|[from] drain|[of] p2a: Kyurem
|
|-heal|p1a: Amoonguss|329/329|[from] item: Black Sludge
|upkeep
|turn|25
|
|t:|1685267372
|move|p2a: Kyurem|Freeze-Dry|p1a: Amoonguss
|-supereffective|p1a: Amoonguss
|-damage|p1a: Amoonguss|23/329
|move|p1a: Amoonguss|Spore|p2a: Kyurem
|-message|Sleep Clause Mod activated.
|-hint|Sleep Clause Mod prevents players from putting more than one of their opponent's Pokémon to sleep at a time
|
|-heal|p1a: Amoonguss|43/329|[from] item: Black Sludge
|upkeep
|turn|26
|
|t:|1685267394
|move|p2a: Kyurem|Freeze-Dry|p1a: Amoonguss
|-supereffective|p1a: Amoonguss
|-damage|p1a: Amoonguss|0 fnt
|faint|p1a: Amoonguss
|
|upkeep
|
|t:|1685267405
|switch|p1a: Keldeo|Keldeo-Resolute, L79|137/273
|turn|27
|
|t:|1685267418
|move|p1a: Keldeo|Secret Sword|p2a: Kyurem
|-supereffective|p2a: Kyurem
|-damage|p2a: Kyurem|0 fnt
|faint|p2a: Kyurem
|
|upkeep
|
|t:|1685267422
|switch|p2a: Runerigus|Runerigus, L84, F|85/235 slp
|turn|28
|
|t:|1685267431
|-start|p1a: Keldeo|Dynamax|
|-heal|p1a: Keldeo|274/546|[silent]
|move|p1a: Keldeo|Max Geyser|p2a: Runerigus
|-supereffective|p2a: Runerigus
|-damage|p2a: Runerigus|0 fnt
|-weather|RainDance
|faint|p2a: Runerigus
|
|-weather|RainDance|[upkeep]
|upkeep
|
|t:|1685267440
|switch|p2a: Groudon|Groudon, L73|199/266
|-weather|SunnyDay|[from] ability: Drought|[of] p2a: Groudon
|turn|29
|
|t:|1685267448
|-start|p2a: Groudon|Dynamax|
|-heal|p2a: Groudon|398/532|[silent]
|move|p1a: Keldeo|Max Geyser|p2a: Groudon
|-supereffective|p2a: Groudon
|-damage|p2a: Groudon|224/532
|-weather|RainDance
|move|p2a: Groudon|Max Quake|p1a: Keldeo
|-damage|p1a: Keldeo|105/546
|-boost|p2a: Groudon|spd|1
|
|-weather|RainDance|[upkeep]
|-heal|p2a: Groudon|240/532|[from] item: Leftovers
|upkeep
|turn|30
|
|t:|1685267465
|move|p1a: Keldeo|Max Geyser|p2a: Groudon
|-supereffective|p2a: Groudon
|-damage|p2a: Groudon|0 fnt
|faint|p2a: Groudon
|
|win|FarBocko
