{"id": "gen8randombattle-1706826438", "p1": "Marth bruh", "p2": "KyogreF4N", "format": "[Gen 8] Random Battle", "log": "|j|\u2606Marth bruh\n|j|\u2606KyogreF4N\n|t:|1668024761\n|gametype|singles\n|player|p1|Marth bruh|cynthia|2423\n|player|p2|KyogreF4N|swimmer-gen4dp|2426\n|teamsize|p1|6\n|teamsize|p2|6\n|gen|8\n|tier|[Gen 8] Random Battle\n|rated|\n|rule|Species Clause: Limit one of each Pok\u00e9mon\n|rule|HP Percentage Mod: HP is shown in percentages\n|rule|Sleep Clause Mod: Limit one foe put to sleep\n|\n|t:|1668024761\n|start\n|switch|p1a: Rhydon|Rhydon, L87, F|324/324\n|switch|p2a: Accelgor|Accelgor, L86, M|278/278\n|turn|1\n|c|\u2606Marth bruh|hf\n|inactive|Battle timer is ON: inactive players will automatically lose when time's up. (requested by KyogreF4N)\n|\n|t:|1668024774\n|switch|p1a: Toxtricity|Toxtricity, L82, M|257/257\n|move|p2a: Accelgor|Energy Ball|p1a: Toxtricity\n|-resisted|p1a: Toxtricity\n|-damage|p1a: Toxtricity|213/257\n|\n|upkeep\n|turn|2\n|c|\u2606KyogreF4N|Hf\n|\n|t:|1668024789\n|move|p2a: Accelgor|Bug Buzz|p1a: Toxtricity\n|-resisted|p1a: Toxtricity\n|-damage|p1a: Toxtricity|182/257\n|-unboost|p1a: Toxtricity|spd|1\n|move|p1a: Toxtricity|Sludge Wave|p2a: Accelgor\n|-crit|p2a: Accelgor\n|-damage|p2a: Accelgor|76/278\n|\n|upkeep\n|turn|3\n|\n|t:|1668024810\n|move|p2a: Accelgor|Yawn|p1a: Toxtricity\n|-start|p1a: Toxtricity|move: Yawn|[of] p2a: Accelgor\n|move|p1a: Toxtricity|Shift Gear|p1a: Toxtricity\n|-boost|p1a: Toxtricity|spe|2\n|-boost|p1a: Toxtricity|atk|1\n|\n|upkeep\n|turn|4\n|\n|t:|1668024818\n|move|p1a: Toxtricity|Sludge Wave|p2a: Accelgor\n|-damage|p2a: Accelgor|0 fnt\n|faint|p2a: Accelgor\n|\n|-end|p1a: Toxtricity|move: Yawn|[silent]\n|-status|p1a: Toxtricity|slp\n|upkeep\n|j| ds des chats\n|inactive|KyogreF4N has 120 seconds left.\n|\n|t:|1668024840\n|switch|p2a: Zygarde|Zygarde-10%, L82|223/223\n|-ability|p2a: Zygarde|Aura Break\n|turn|5\n|\n|t:|1668024847\n|switch|p1a: Slowking|Slowking, L86, M|304/304\n|move|p2a: Zygarde|Coil|p2a: Zygarde\n|-boost|p2a: Zygarde|atk|1\n|-boost|p2a: Zygarde|def|1\n|-boost|p2a: Zygarde|accuracy|1\n|\n|upkeep\n|turn|6\n|\n|t:|1668024855\n|-start|p2a: Zygarde|Dynamax|\n|-heal|p2a: Zygarde|446/446|[silent]\n|move|p2a: Zygarde|Max Quake|p1a: Slowking\n|-damage|p1a: Slowking|23/304\n|-boost|p2a: Zygarde|spd|1\n|-damage|p2a: Zygarde|424/446|[from] item: Life Orb\n|move|p1a: Slowking|Teleport|p1a: Slowking\n|j| Justhacker\n|\n|t:|1668024877\n|switch|p1a: Rhydon|Rhydon, L87, F|324/324\n|\n|upkeep\n|turn|7\n|inactive|Marth bruh has 120 seconds left.\n|\n|t:|1668024902\n|switch|p1a: Toxtricity|Toxtricity, L82, M|182/257 slp\n|move|p2a: Zygarde|Max Steelspike|p1a: Toxtricity\n|-resisted|p1a: Toxtricity\n|-damage|p1a: Toxtricity|85/257 slp\n|-boost|p2a: Zygarde|def|1\n|-damage|p2a: Zygarde|402/446|[from] item: Life Orb\n|\n|upkeep\n|turn|8\n|\n|t:|1668024909\n|move|p2a: Zygarde|Max Steelspike|p1a: Toxtricity\n|-resisted|p1a: Toxtricity\n|-crit|p1a: Toxtricity\n|-damage|p1a: Toxtricity|0 fnt\n|-boost|p2a: Zygarde|def|1\n|faint|p1a: Toxtricity\n|-damage|p2a: Zygarde|380/446|[from] item: Life Orb\n|\n|upkeep\n|inactive|Marth bruh has 120 seconds left.\n|inactive|Marth bruh has 90 seconds left.\n|inactive|Marth bruh has 60 seconds left.\n|\n|t:|1668024998\n|switch|p1a: Falinks|Falinks, L84|246/246\n|-end|p2a: Zygarde|Dynamax\n|-heal|p2a: Zygarde|190/223|[silent]\n|turn|9\n|\n|t:|1668025009\n|move|p2a: Zygarde|Outrage|p1a: Falinks\n|-damage|p1a: Falinks|19/246\n|-damage|p2a: Zygarde|168/223|[from] item: Life Orb\n|move|p1a: Falinks|No Retreat|p1a: Falinks\n|-boost|p1a: Falinks|atk|1\n|-boost|p1a: Falinks|def|1\n|-boost|p1a: Falinks|spa|1\n|-boost|p1a: Falinks|spd|1\n|-boost|p1a: Falinks|spe|1\n|-start|p1a: Falinks|move: No Retreat\n|\n|upkeep\n|turn|10\n|inactive|Marth bruh has 60 seconds left.\n|\n|t:|1668025024\n|move|p1a: Falinks|Close Combat|p2a: Zygarde\n|-damage|p2a: Zygarde|50/223\n|-unboost|p1a: Falinks|def|1\n|-unboost|p1a: Falinks|spd|1\n|-damage|p1a: Falinks|0 fnt|[from] item: Life Orb\n|faint|p1a: Falinks\n|move|p2a: Zygarde|Outrage|p1: Falinks|[from]lockedmove|[notarget]\n|-fail|p2a: Zygarde\n|\n|upkeep\n|\n|t:|1668025038\n|switch|p1a: Rhydon|Rhydon, L87, F|324/324\n|turn|11\n|\n|t:|1668025047\n|move|p2a: Zygarde|Thousand Arrows|p1a: Rhydon\n|-supereffective|p1a: Rhydon\n|-damage|p1a: Rhydon|142/324\n|-damage|p2a: Zygarde|28/223|[from] item: Life Orb\n|move|p1a: Rhydon|Earthquake|p2a: Zygarde\n|-damage|p2a: Zygarde|0 fnt\n|faint|p2a: Zygarde\n|\n|upkeep\n|j| niiiike\n|c| niiiike|omg 2400!!\n|\n|t:|1668025066\n|switch|p2a: Weavile|Weavile, L79, M|240/240\n|turn|12\n|\n|t:|1668025071\n|move|p2a: Weavile|Triple Axel|p1a: Rhydon\n|-supereffective|p1a: Rhydon\n|-damage|p1a: Rhydon|118/324\n|-supereffective|p1a: Rhydon\n|-damage|p1a: Rhydon|76/324\n|-supereffective|p1a: Rhydon\n|-damage|p1a: Rhydon|10/324\n|-hitcount|p1a: Rhydon|3\n|move|p1a: Rhydon|Stone Edge|p2a: Weavile\n|-supereffective|p2a: Weavile\n|-damage|p2a: Weavile|0 fnt\n|faint|p2a: Weavile\n|\n|upkeep\n|c|\u2606Marth bruh|I think shits inflated\n|c|\u2606Marth bruh|idk\n|\n|t:|1668025081\n|switch|p2a: Dragapult|Dragapult, L78, F|265/265\n|turn|13\n|c|\u2606Marth bruh|theres like 25 people >2400\n|c|\u2606KyogreF4N|Wow\n|\n|t:|1668025088\n|move|p2a: Dragapult|Shadow Ball|p1a: Rhydon\n|-damage|p1a: Rhydon|0 fnt\n|faint|p1a: Rhydon\n|\n|upkeep\n|\n|t:|1668025098\n|switch|p1a: Slowking|Slowking, L86, M|124/304\n|turn|14\n|c|\u2606KyogreF4N|I didn't expect you to tank\n|\n|t:|1668025103\n|switch|p1a: Tyranitar|Tyranitar, L78, M|284/284\n|-weather|Sandstorm|[from] ability: Sand Stream|[of] p1a: Tyranitar\n|move|p2a: Dragapult|Shadow Ball|p1a: Tyranitar\n|-resisted|p1a: Tyranitar\n|-damage|p1a: Tyranitar|250/284\n|-unboost|p1a: Tyranitar|spd|1\n|\n|-weather|Sandstorm|[upkeep]\n|-damage|p2a: Dragapult|249/265|[from] Sandstorm\n|upkeep\n|turn|15\n|c|\u2606Marth bruh|did its job\n|c|\u2606KyogreF4N|Yep\n|\n|t:|1668025126\n|switch|p2a: Roserade|Roserade, L84, M|238/238\n|switch|p1a: Sandslash|Sandslash, L86, F|269/269\n|\n|-weather|Sandstorm|[upkeep]\n|-damage|p2a: Roserade|224/238|[from] Sandstorm\n|-heal|p2a: Roserade|238/238|[from] item: Black Sludge\n|upkeep\n|turn|16\n|\n|t:|1668025133\n|-start|p1a: Sandslash|Dynamax|\n|-heal|p1a: Sandslash|538/538|[silent]\n|move|p1a: Sandslash|Max Quake|p2a: Roserade\n|-damage|p2a: Roserade|55/238\n|-boost|p1a: Sandslash|spd|1\n|move|p2a: Roserade|Leaf Storm|p1a: Sandslash\n|-supereffective|p1a: Sandslash\n|-damage|p1a: Sandslash|238/538\n|-unboost|p2a: Roserade|spa|2\n|\n|-weather|Sandstorm|[upkeep]\n|-damage|p2a: Roserade|41/238|[from] Sandstorm\n|-heal|p1a: Sandslash|254/538|[from] item: Leftovers\n|-heal|p2a: Roserade|55/238|[from] item: Black Sludge\n|upkeep\n|turn|17\n|\n|t:|1668025147\n|switch|p2a: Braviary|Braviary, L82, M|298/298\n|move|p1a: Sandslash|Max Quake|p2a: Braviary\n|-immune|p2a: Braviary\n|\n|-weather|Sandstorm|[upkeep]\n|-damage|p2a: Braviary|280/298|[from] Sandstorm\n|-heal|p1a: Sandslash|270/538|[from] item: Leftovers\n|upkeep\n|turn|18\n|inactive|Marth bruh has 90 seconds left.\n|\n|t:|1668025161\n|switch|p2a: Dragapult|Dragapult, L78, F|249/265\n|move|p1a: Sandslash|Max Quake|p2a: Dragapult\n|-damage|p2a: Dragapult|86/265\n|-boost|p1a: Sandslash|spd|1\n|\n|-weather|none\n|-heal|p1a: Sandslash|286/538|[from] item: Leftovers\n|upkeep\n|-end|p1a: Sandslash|Dynamax\n|-heal|p1a: Sandslash|143/269|[silent]\n|turn|19\n|inactive|Marth bruh has 90 seconds left.\n|\n|t:|1668025170\n|move|p2a: Dragapult|U-turn|p1a: Sandslash\n|-damage|p1a: Sandslash|97/269\n|\n|t:|1668025173\n|switch|p2a: Braviary|Braviary, L82, M|280/298\n|move|p1a: Sandslash|Swords Dance|p1a: Sandslash\n|-boost|p1a: Sandslash|atk|2\n|\n|-heal|p1a: Sandslash|113/269|[from] item: Leftovers\n|upkeep\n|turn|20\n|\n|t:|1668025181\n|move|p2a: Braviary|Brave Bird|p1a: Sandslash\n|-damage|p1a: Sandslash|0 fnt\n|faint|p1a: Sandslash\n|-damage|p2a: Braviary|243/298|[from] Recoil\n|\n|upkeep\n|\n|t:|1668025185\n|switch|p1a: Slowking|Slowking, L86, M|225/304\n|turn|21\n|\n|t:|1668025196\n|move|p2a: Braviary|Brave Bird|p1a: Slowking\n|-damage|p1a: Slowking|84/304\n|-damage|p2a: Braviary|196/298|[from] Recoil\n|move|p1a: Slowking|Scald|p2a: Braviary\n|-crit|p2a: Braviary\n|-damage|p2a: Braviary|49/298\n|\n|-heal|p1a: Slowking|103/304|[from] item: Leftovers\n|upkeep\n|turn|22\n|inactive|Marth bruh has 120 seconds left.\n|l| ds des chats\n|\n|t:|1668025226\n|switch|p1a: Tyranitar|Tyranitar, L78, M|250/284\n|-weather|Sandstorm|[from] ability: Sand Stream|[of] p1a: Tyranitar\n|move|p2a: Braviary|Roost|p2a: Braviary\n|-heal|p2a: Braviary|198/298\n|-singleturn|p2a: Braviary|move: Roost\n|\n|-weather|Sandstorm|[upkeep]\n|-damage|p2a: Braviary|180/298|[from] Sandstorm\n|upkeep\n|turn|23\n|\n|t:|1668025233\n|switch|p1a: Slowking|Slowking, L86, M|204/304\n|move|p2a: Braviary|Close Combat|p1a: Slowking\n|-resisted|p1a: Slowking\n|-damage|p1a: Slowking|153/304\n|-unboost|p2a: Braviary|def|1\n|-unboost|p2a: Braviary|spd|1\n|\n|-weather|Sandstorm|[upkeep]\n|-damage|p2a: Braviary|162/298|[from] Sandstorm\n|-damage|p1a: Slowking|134/304|[from] Sandstorm\n|-heal|p1a: Slowking|153/304|[from] item: Leftovers\n|upkeep\n|turn|24\n|\n|t:|1668025243\n|switch|p2a: Dragapult|Dragapult, L78, F|86/265\n|move|p1a: Slowking|Teleport|p1a: Slowking\n|c| niiiike|ok i see you\n|\n|t:|1668025246\n|switch|p1a: Tyranitar|Tyranitar, L78, M|250/284\n|\n|-weather|Sandstorm|[upkeep]\n|-damage|p2a: Dragapult|70/265|[from] Sandstorm\n|upkeep\n|turn|25\n|inactive|Marth bruh has 90 seconds left.\n|j| mantecol\n|\n|t:|1668025280\n|move|p2a: Dragapult|Draco Meteor|p1a: Tyranitar\n|-damage|p1a: Tyranitar|121/284\n|-unboost|p2a: Dragapult|spa|2\n|move|p1a: Tyranitar|Dragon Dance|p1a: Tyranitar\n|-boost|p1a: Tyranitar|atk|1\n|-boost|p1a: Tyranitar|spe|1\n|\n|-weather|Sandstorm|[upkeep]\n|-damage|p2a: Dragapult|54/265|[from] Sandstorm\n|upkeep\n|turn|26\n|c|\u2606Marth bruh|gg\n|\n|t:|1668025291\n|move|p2a: Dragapult|Draco Meteor|p1a: Tyranitar\n|-damage|p1a: Tyranitar|66/284\n|-unboost|p2a: Dragapult|spa|2\n|move|p1a: Tyranitar|Dragon Dance|p1a: Tyranitar\n|-boost|p1a: Tyranitar|atk|1\n|-boost|p1a: Tyranitar|spe|1\n|\n|-weather|none\n|upkeep\n|turn|27\n|\n|t:|1668025296\n|move|p1a: Tyranitar|Crunch|p2a: Dragapult\n|-supereffective|p2a: Dragapult\n|-damage|p2a: Dragapult|0 fnt\n|faint|p2a: Dragapult\n|\n|upkeep\n|c|\u2606KyogreF4N|Gg\n|\n|t:|1668025303\n|switch|p2a: Braviary|Braviary, L82, M|162/298\n|turn|28\n|l| Justhacker\n|\n|t:|1668025311\n|move|p1a: Tyranitar|Crunch|p2a: Braviary\n|-damage|p2a: Braviary|0 fnt\n|faint|p2a: Braviary\n|\n|upkeep\n|\n|t:|1668025313\n|switch|p2a: Roserade|Roserade, L84, M|55/238\n|turn|29\n|j| ds des chats\n|\n|t:|1668025316\n|move|p1a: Tyranitar|Crunch|p2a: Roserade\n|-damage|p2a: Roserade|0 fnt\n|faint|p2a: Roserade\n|\n|win|Marth bruh\n|raw|Marth bruh's rating: 2423 &rarr; <strong>2443</strong><br />(+20 for winning)\n|raw|KyogreF4N's rating: 2426 &rarr; <strong>2406</strong><br />(-20 for losing)\n|j| Strange Journey\n", "inputlog": ">version 453a3ad56483cc6a5c08448f6577d394b68621b7\n>start {\"formatid\":\"gen8randombattle\",\"seed\":[4743,52637,60608,27485],\"rated\":\"Rated battle\"}\n>player p1 {\"name\":\"Marth bruh\",\"avatar\":\"cynthia\",\"rating\":2423,\"seed\":[54462,14297,24813,38833]}\n>player p2 {\"name\":\"KyogreF4N\",\"avatar\":\"swimmer-gen4dp\",\"rating\":2426,\"seed\":[21136,3360,39306,4527]}\n>chat \u2606Marth bruh|hf\n>p1 switch 5\n>p2 move energyball\n>chat \u2606KyogreF4N|Hf\n>p1 move sludgewave\n>p2 move bugbuzz\n>p1 move shiftgear\n>p2 move yawn\n>p1 move sludgewave\n>p2 move energyball\n>p2 switch 2\n>p1 switch 4\n>p2 move coil\n>p1 move teleport\n>p2 move thousandarrows dynamax\n>p1 switch 5\n>chat  Justhacker|Rhydon this dick\n>p1 switch 4\n>p2 move irontail dynamax\n>p1 move boomburst\n>p2 move irontail dynamax\n>p1 switch 3\n>p1 move noretreat\n>p2 move outrage\n>p1 move closecombat\n>p2 move outrage\n>p1 switch 4\n>p1 move earthquake\n>p2 move thousandarrows\n>chat  niiiike|omg 2400!!\n>p2 switch 3\n>p1 move stoneedge\n>p2 move tripleaxel\n>chat \u2606Marth bruh|I think shits inflated\n>chat \u2606Marth bruh|idk\n>p2 switch 4\n>chat \u2606Marth bruh|theres like 25 people >2400\n>chat \u2606KyogreF4N|Wow\n>p1 move stealthrock\n>p2 move shadowball\n>p1 switch 5\n>chat \u2606KyogreF4N|I didn't expect you to tank\n>p1 switch 6\n>p2 move shadowball\n>chat \u2606Marth bruh|did its job\n>chat \u2606KyogreF4N|Yep\n>p1 switch 2\n>p2 switch 6\n>p1 move earthquake dynamax\n>p2 move leafstorm\n>p1 move earthquake dynamax\n>p2 switch 5\n>p1 move earthquake dynamax\n>p2 switch 6\n>p1 move swordsdance\n>p2 move uturn\n>p2 switch 6\n>p1 move rapidspin\n>p2 move bravebird\n>p1 switch 6\n>p1 move scald\n>p2 move bravebird\n>p1 switch 2\n>p2 move roost\n>p1 switch 2\n>p2 move closecombat\n>p1 move teleport\n>p2 switch 6\n>chat  niiiike|ok i see you\n>p1 switch 2\n>p1 move dragondance\n>p2 move dracometeor\n>chat \u2606Marth bruh|gg\n>p1 move dragondance\n>p2 move dracometeor\n>p1 move crunch\n>p2 move dracometeor\n>chat \u2606KyogreF4N|Gg\n>p2 switch 6\n>p1 move crunch\n>p2 move closecombat\n>p2 switch 5\n>p1 move crunch\n>p2 move leafstorm", "uploadtime": 1668025320, "views": 20, "p1id": "marthbruh", "p2id": "kyogref4n", "formatid": "gen8randombattle", "rating": 2406, "private": 0, "password": null}