|j|☆wahns
|j|☆yath0303
|t:|1685463236
|gametype|singles
|player|p1|wahns|170|
|player|p2|yath0303|170|
|teamsize|p1|6
|teamsize|p2|6
|gen|8
|tier|[Gen 8] Random Battle
|rule|Species Clause: Limit one of each Pokémon
|rule|HP Percentage Mod: HP is shown in percentages
|rule|Sleep Clause Mod: Limit one foe put to sleep
|
|t:|1685463236
|start
|switch|p1a: Kingdra|Kingdra, L82, M|257/257
|switch|p2a: Sylveon|Sylveon, L84, M|297/297
|turn|1
|
|t:|1685463325
|switch|p1a: Cinderace|Cinderace, L74, M|239/239
|move|p2a: Sylveon|Hyper Voice|p1a: Cinderace
|-resisted|p1a: Cinderace
|-damage|p1a: Cinderace|155/239
|
|upkeep
|turn|2
|
|t:|1685463353
|switch|p2a: Rhydon|Rhydon, L87, F|324/324
|move|p1a: Cinderace|Gunk Shot|p2a: Rhydon
|-start|p1a: Cinderace|typechange|Poison|[from] ability: Libero
|-resisted|p2a: Rhydon
|-damage|p2a: Rhydon|302/324
|
|upkeep
|turn|3
|
|t:|1685463383
|switch|p1a: Zapdos|Zapdos-Galar, L76|262/262
|move|p2a: Rhydon|Earthquake|p1a: Zapdos
|-immune|p1a: Zapdos
|
|upkeep
|turn|4
|
|t:|1685463406
|switch|p2a: Sylveon|Sylveon, L84, M|297/297
|move|p1a: Zapdos|Bulk Up|p1a: Zapdos
|-boost|p1a: Zapdos|atk|1
|-boost|p1a: Zapdos|def|1
|
|upkeep
|turn|5
|
|t:|1685463414
|move|p1a: Zapdos|Brave Bird|p2a: Sylveon
|-damage|p2a: Sylveon|0 fnt
|faint|p2a: Sylveon
|-damage|p1a: Zapdos|164/262|[from] Recoil
|-damage|p1a: Zapdos|138/262|[from] item: Life Orb
|
|upkeep
|
|t:|1685463429
|switch|p2a: Exeggutor|Exeggutor, L86, M|304/304
|turn|6
|
|t:|1685463442
|-start|p1a: Zapdos|Dynamax|
|-heal|p1a: Zapdos|276/524|[silent]
|move|p1a: Zapdos|Max Airstream|p2a: Exeggutor
|-supereffective|p2a: Exeggutor
|-crit|p2a: Exeggutor
|-damage|p2a: Exeggutor|0 fnt
|-boost|p1a: Zapdos|spe|1
|faint|p2a: Exeggutor
|-damage|p1a: Zapdos|250/524|[from] item: Life Orb
|
|upkeep
|
|t:|1685463452
|switch|p2a: Kyogre|Kyogre, L72|263/263
|-weather|RainDance|[from] ability: Drizzle|[of] p2a: Kyogre
|turn|7
|
|t:|1685463466
|move|p1a: Zapdos|Max Knuckle|p2a: Kyogre
|-damage|p2a: Kyogre|21/263
|-boost|p1a: Zapdos|atk|1
|-damage|p1a: Zapdos|224/524|[from] item: Life Orb
|move|p2a: Kyogre|Calm Mind|p2a: Kyogre
|-boost|p2a: Kyogre|spa|1
|-boost|p2a: Kyogre|spd|1
|
|-weather|RainDance|[upkeep]
|-heal|p2a: Kyogre|37/263|[from] item: Leftovers
|upkeep
|turn|8
|
|t:|1685463481
|move|p1a: Zapdos|Max Knuckle|p2a: Kyogre
|-damage|p2a: Kyogre|0 fnt
|-boost|p1a: Zapdos|atk|1
|faint|p2a: Kyogre
|-damage|p1a: Zapdos|198/524|[from] item: Life Orb
|
|-weather|RainDance|[upkeep]
|upkeep
|
|t:|1685463490
|switch|p2a: Reshiram|Reshiram, L74|270/270
|-ability|p2a: Reshiram|Turboblaze
|-end|p1a: Zapdos|Dynamax
|-heal|p1a: Zapdos|99/262|[silent]
|turn|9
|
|t:|1685463499
|move|p1a: Zapdos|Close Combat|p2a: Reshiram
|-damage|p2a: Reshiram|0 fnt
|-unboost|p1a: Zapdos|def|1
|-unboost|p1a: Zapdos|spd|1
|faint|p2a: Reshiram
|-damage|p1a: Zapdos|73/262|[from] item: Life Orb
|
|-weather|RainDance|[upkeep]
|upkeep
|
|t:|1685463508
|switch|p2a: Centiskorch|Centiskorch, L84, F|305/305
|turn|10
|
|t:|1685463523
|move|p1a: Zapdos|Throat Chop|p2a: Centiskorch
|-damage|p2a: Centiskorch|63/305
|-start|p2a: Centiskorch|Throat Chop|[silent]
|-damage|p1a: Zapdos|47/262|[from] item: Life Orb
|move|p2a: Centiskorch|Knock Off|p1a: Zapdos
|-resisted|p1a: Zapdos
|-damage|p1a: Zapdos|6/262
|-enditem|p1a: Zapdos|Life Orb|[from] move: Knock Off|[of] p2a: Centiskorch
|
|-weather|RainDance|[upkeep]
|upkeep
|turn|11
|
|t:|1685463532
|move|p1a: Zapdos|Throat Chop|p2a: Centiskorch
|-damage|p2a: Centiskorch|0 fnt
|faint|p2a: Centiskorch
|
|-weather|none
|upkeep
|
|t:|1685463538
|switch|p2a: Rhydon|Rhydon, L87, F|302/324
|turn|12
|
|t:|1685463542
|move|p1a: Zapdos|Close Combat|p2a: Rhydon
|-supereffective|p2a: Rhydon
|-damage|p2a: Rhydon|0 fnt
|-unboost|p1a: Zapdos|def|1
|-unboost|p1a: Zapdos|spd|1
|faint|p2a: Rhydon
|
|win|wahns
