{"id": "gen8randombattle-1873755923", "p1": "woopre", "p2": "relevartemit", "format": "[Gen 8] Random Battle", "log": "|j|\u2606woopre\n|j|\u2606relevartemit\n|t:|1685415503\n|gametype|singles\n|player|p1|woopre|cynthia-anime2|\n|player|p2|relevartemit|scientist-gen4|\n|teamsize|p1|6\n|teamsize|p2|6\n|gen|8\n|tier|[Gen 8] Random Battle\n|rule|Species Clause: Limit one of each Pok\u00e9mon\n|rule|HP Percentage Mod: HP is shown in percentages\n|rule|Sleep Clause Mod: Limit one foe put to sleep\n|\n|t:|1685415503\n|start\n|switch|p1a: Zapdos|Zapdos-Galar, L76|262/262\n|switch|p2a: Tornadus|Tornadus, L80, M|258/258\n|turn|1\n|\n|t:|1685415531\n|switch|p1a: Corsola|Corsola, L93, F|272/272\n|move|p2a: Tornadus|Hurricane|p1a: Corsola|[miss]\n|-miss|p2a: Tornadus|p1a: Corsola\n|\n|upkeep\n|turn|2\n|\n|t:|1685415582\n|switch|p2a: Kyurem|Kyurem, L80|331/331\n|-ability|p2a: Kyurem|Pressure\n|move|p1a: Corsola|Scald|p2a: Kyurem\n|-resisted|p2a: Kyurem\n|-damage|p2a: Kyurem|292/331\n|\n|upkeep\n|turn|3\n|\n|t:|1685415589\n|switch|p1a: Aurorus|Aurorus, L84, F|344/344\n|-weather|Hail|[from] ability: Snow Warning|[of] p1a: Aurorus\n|move|p2a: Kyurem|Freeze-Dry|p1a: Aurorus\n|-resisted|p1a: Aurorus\n|-damage|p1a: Aurorus|299/344\n|\n|-weather|Hail|[upkeep]\n|upkeep\n|turn|4\n|\n|t:|1685415604\n|move|p2a: Kyurem|Earth Power|p1a: Aurorus\n|-supereffective|p1a: Aurorus\n|-damage|p1a: Aurorus|161/344\n|move|p1a: Aurorus|Ancient Power|p2a: Kyurem\n|-supereffective|p2a: Kyurem\n|-damage|p2a: Kyurem|154/331\n|\n|-weather|Hail|[upkeep]\n|upkeep\n|turn|5\n|\n|t:|1685415617\n|move|p2a: Kyurem|Earth Power|p1a: Aurorus\n|-supereffective|p1a: Aurorus\n|-damage|p1a: Aurorus|5/344\n|move|p1a: Aurorus|Ancient Power|p2a: Kyurem\n|-supereffective|p2a: Kyurem\n|-damage|p2a: Kyurem|28/331\n|\n|-weather|Hail|[upkeep]\n|upkeep\n|turn|6\n|\n|t:|1685415626\n|move|p2a: Kyurem|Freeze-Dry|p1a: Aurorus\n|-resisted|p1a: Aurorus\n|-damage|p1a: Aurorus|0 fnt\n|faint|p1a: Aurorus\n|\n|-weather|Hail|[upkeep]\n|upkeep\n|\n|t:|1685415634\n|switch|p1a: Tornadus|Tornadus, L80, M|258/258\n|turn|7\n|\n|t:|1685415640\n|move|p1a: Tornadus|Grass Knot|p2a: Kyurem\n|-resisted|p2a: Kyurem\n|-damage|p2a: Kyurem|0 fnt\n|faint|p2a: Kyurem\n|\n|-weather|none\n|upkeep\n|\n|t:|1685415660\n|switch|p2a: Azumarill|Azumarill, L84, M|305/305\n|turn|8\n|\n|t:|1685415669\n|move|p1a: Tornadus|Hurricane|p2a: Azumarill\n|-damage|p2a: Azumarill|164/305\n|move|p2a: Azumarill|Liquidation|p1a: Tornadus\n|-damage|p1a: Tornadus|35/258\n|-unboost|p1a: Tornadus|def|1\n|\n|upkeep\n|turn|9\n|\n|t:|1685415676\n|move|p1a: Tornadus|Hurricane|p2a: Azumarill\n|-damage|p2a: Azumarill|26/305\n|move|p2a: Azumarill|Liquidation|p1a: Tornadus\n|-damage|p1a: Tornadus|0 fnt\n|faint|p1a: Tornadus\n|\n|upkeep\n|\n|t:|1685415691\n|switch|p1a: Stoutland|Stoutland, L86, M|286/286\n|turn|10\n|\n|t:|1685415697\n|move|p1a: Stoutland|Facade|p2a: Azumarill\n|-damage|p2a: Azumarill|0 fnt\n|faint|p2a: Azumarill\n|\n|upkeep\n|\n|t:|1685415726\n|switch|p2a: Zygarde|Zygarde-10%, L82|223/223\n|-ability|p2a: Zygarde|Aura Break\n|turn|11\n|\n|t:|1685415752\n|move|p1a: Stoutland|Facade|p2a: Zygarde\n|-damage|p2a: Zygarde|127/223\n|move|p2a: Zygarde|Coil|p2a: Zygarde\n|-boost|p2a: Zygarde|atk|1\n|-boost|p2a: Zygarde|def|1\n|-boost|p2a: Zygarde|accuracy|1\n|\n|upkeep\n|turn|12\n|\n|t:|1685415774\n|move|p1a: Stoutland|Facade|p2a: Zygarde\n|-damage|p2a: Zygarde|58/223\n|move|p2a: Zygarde|Thousand Arrows|p1a: Stoutland\n|-damage|p1a: Stoutland|126/286\n|-damage|p2a: Zygarde|36/223|[from] item: Life Orb\n|\n|upkeep\n|turn|13\n|\n|t:|1685415787\n|move|p1a: Stoutland|Facade|p2a: Zygarde\n|-damage|p2a: Zygarde|0 fnt\n|faint|p2a: Zygarde\n|\n|upkeep\n|\n|t:|1685415796\n|switch|p2a: Diggersby|Diggersby, L80, F|267/267\n|turn|14\n|\n|t:|1685415802\n|move|p1a: Stoutland|Facade|p2a: Diggersby\n|-damage|p2a: Diggersby|161/267\n|move|p2a: Diggersby|Body Slam|p1a: Stoutland\n|-damage|p1a: Stoutland|0 fnt\n|faint|p1a: Stoutland\n|-damage|p2a: Diggersby|135/267|[from] item: Life Orb\n|\n|upkeep\n|\n|t:|1685415808\n|switch|p1a: Zapdos|Zapdos-Galar, L76|262/262\n|turn|15\n|\n|t:|1685415815\n|move|p2a: Diggersby|Quick Attack|p1a: Zapdos\n|-damage|p1a: Zapdos|188/262\n|-damage|p2a: Diggersby|109/267|[from] item: Life Orb\n|move|p1a: Zapdos|Brave Bird|p2a: Diggersby\n|-damage|p2a: Diggersby|0 fnt\n|faint|p2a: Diggersby\n|-damage|p1a: Zapdos|152/262|[from] Recoil\n|-damage|p1a: Zapdos|126/262|[from] item: Life Orb\n|\n|upkeep\n|\n|t:|1685415821\n|switch|p2a: Tornadus|Tornadus, L80, M|258/258\n|turn|16\n|\n|t:|1685415825\n|switch|p1a: Corsola|Corsola, L93, F|272/272\n|-start|p2a: Tornadus|Dynamax|\n|-heal|p2a: Tornadus|516/516|[silent]\n|move|p2a: Tornadus|Max Airstream|p1a: Corsola\n|-resisted|p1a: Corsola\n|-damage|p1a: Corsola|198/272\n|-boost|p2a: Tornadus|spe|1\n|\n|upkeep\n|turn|17\n|\n|t:|1685415830\n|-start|p1a: Corsola|Dynamax|\n|-heal|p1a: Corsola|396/544|[silent]\n|move|p1a: Corsola|Max Guard|p1a: Corsola\n|-singleturn|p1a: Corsola|Max Guard\n|move|p2a: Tornadus|Max Overgrowth|p1a: Corsola\n|-activate|p1a: Corsola|move: Max Guard\n|\n|upkeep\n|turn|18\n|\n|t:|1685415834\n|move|p2a: Tornadus|Max Overgrowth|p1a: Corsola\n|-supereffective|p1a: Corsola\n|-crit|p1a: Corsola\n|-damage|p1a: Corsola|0 fnt\n|-fieldstart|move: Grassy Terrain\n|faint|p1a: Corsola\n|\n|upkeep\n|\n|t:|1685415840\n|switch|p1a: Raichu|Raichu-Alola, L84, F|238/238\n|-end|p2a: Tornadus|Dynamax\n|-heal|p2a: Tornadus|258/258|[silent]\n|turn|19\n|\n|t:|1685415860\n|move|p2a: Tornadus|Heat Wave|p1a: Raichu\n|-damage|p1a: Raichu|154/238\n|move|p1a: Raichu|Thunderbolt|p2a: Tornadus\n|-supereffective|p2a: Tornadus\n|-damage|p2a: Tornadus|1/258\n|-damage|p1a: Raichu|131/238|[from] item: Life Orb\n|\n|-heal|p1a: Raichu|145/238|[from] Grassy Terrain\n|upkeep\n|turn|20\n|\n|t:|1685415870\n|move|p2a: Tornadus|Heat Wave|p1a: Raichu\n|-damage|p1a: Raichu|61/238\n|move|p1a: Raichu|Psyshock|p2a: Tornadus\n|-damage|p2a: Tornadus|0 fnt\n|faint|p2a: Tornadus\n|-damage|p1a: Raichu|38/238|[from] item: Life Orb\n|\n|-heal|p1a: Raichu|52/238|[from] Grassy Terrain\n|upkeep\n|\n|t:|1685415874\n|switch|p2a: Marshadow|Marshadow, L70|242/242\n|turn|21\n|\n|t:|1685415878\n|move|p1a: Raichu|Psyshock|p2a: Marshadow\n|-supereffective|p2a: Marshadow\n|-damage|p2a: Marshadow|0 fnt\n|faint|p2a: Marshadow\n|-damage|p1a: Raichu|29/238|[from] item: Life Orb\n|\n|win|woopre\n|c|\u2606relevartemit|gg\n|c|\u2606woopre|Gg\n", "inputlog": ">version 6fec31d5a0d4498a06105aa188c9906bc0b6bf95\n>start {\"formatid\":\"gen8randombattle\",\"seed\":[15693,32867,53126,7437]}\n>player p1 {\"name\":\"woopre\",\"avatar\":\"cynthia-anime2\",\"rating\":0,\"seed\":[46846,27357,19064,64526]}\n>player p2 {\"name\":\"relevartemit\",\"avatar\":\"scientist-gen4\",\"rating\":0,\"seed\":[24928,41075,24300,32306]}\n>p1 switch 5\n>p2 move hurricane\n>p1 move scald\n>p2 switch 2\n>p1 switch 3\n>p2 move freezedry\n>p1 move ancientpower\n>p2 move earthpower\n>p1 move ancientpower\n>p2 move earthpower\n>p1 move ancientpower\n>p2 move freezedry\n>p1 switch 6\n>p1 move grassknot\n>p2 move freezedry\n>p2 switch 4\n>p1 move hurricane\n>p2 move liquidation\n>p1 move hurricane\n>p2 move liquidation\n>p1 switch 4\n>p1 move facade\n>p2 move liquidation\n>p2 switch 3\n>p1 move facade\n>p2 move coil\n>p1 move facade\n>p2 move thousandarrows\n>p1 move facade\n>p2 move outrage\n>p2 switch 6\n>p1 move facade\n>p2 move bodyslam\n>p1 switch 5\n>p1 move bravebird\n>p2 move quickattack\n>p2 switch 2\n>p1 switch 3\n>p2 move hurricane dynamax\n>p1 move recover dynamax\n>p2 move grassknot dynamax\n>p1 move powergem dynamax\n>p2 move grassknot dynamax\n>p1 switch 2\n>p1 move thunderbolt\n>p2 move heatwave\n>p1 move psyshock\n>p2 move heatwave\n>p2 switch 5\n>p1 move psyshock\n>p2 move spectralthief", "uploadtime": 1685415889, "views": 12, "p1id": "woopre", "p2id": "relevartemit", "formatid": "gen8randombattle", "rating": 0, "private": 0, "password": ""}