{"id": "gen8randombattle-1862087705", "p1": "lauda Mera", "p2": "Nikoe_6", "format": "[Gen 8] Random Battle", "log": "|j|\u2606lauda Mera\n|j|\u2606Nikoe_6\n|t:|1683835692\n|gametype|singles\n|player|p1|lauda Mera|hilbert-wonderlauncher|1459\n|player|p2|Nikoe_6|2|1451\n|teamsize|p1|6\n|teamsize|p2|6\n|gen|8\n|tier|[Gen 8] Random Battle\n|rated|\n|rule|Species Clause: Limit one of each Pok\u00e9mon\n|rule|HP Percentage Mod: HP is shown in percentages\n|rule|Sleep Clause Mod: Limit one foe put to sleep\n|\n|t:|1683835692\n|start\n|switch|p1a: Musharna|Musharna, L86, F|340/340\n|switch|p2a: Carbink|Carbink, L86|226/226\n|turn|1\n|inactive|Battle timer is ON: inactive players will automatically lose when time's up. (requested by lauda Mera)\n|\n|t:|1683835700\n|move|p2a: Carbink|Stealth Rock|p1a: Musharna\n|-sidestart|p1: lauda Mera|move: Stealth Rock\n|move|p1a: Musharna|Thunder Wave|p2a: Carbink\n|-status|p2a: Carbink|par\n|\n|upkeep\n|turn|2\n|\n|t:|1683835719\n|move|p1a: Musharna|Psychic|p2a: Carbink\n|-damage|p2a: Carbink|153/226 par\n|move|p2a: Carbink|Light Screen|p2a: Carbink\n|-sidestart|p2: Nikoe_6|move: Light Screen\n|\n|upkeep\n|turn|3\n|\n|t:|1683835723\n|move|p1a: Musharna|Psychic|p2a: Carbink\n|-damage|p2a: Carbink|119/226 par\n|move|p2a: Carbink|Reflect|p2a: Carbink\n|-sidestart|p2: Nikoe_6|Reflect\n|\n|upkeep\n|turn|4\n|\n|t:|1683835738\n|switch|p2a: Haxorus|Haxorus, L77, M|244/244\n|-ability|p2a: Haxorus|Mold Breaker\n|move|p1a: Musharna|Psychic|p2a: Haxorus\n|-damage|p2a: Haxorus|170/244\n|\n|upkeep\n|turn|5\n|\n|t:|1683835746\n|move|p2a: Haxorus|Dragon Dance|p2a: Haxorus\n|-boost|p2a: Haxorus|atk|1\n|-boost|p2a: Haxorus|spe|1\n|move|p1a: Musharna|Thunder Wave|p2a: Haxorus\n|-status|p2a: Haxorus|par\n|\n|upkeep\n|turn|6\n|\n|t:|1683835752\n|move|p2a: Haxorus|Dragon Dance|p2a: Haxorus\n|-boost|p2a: Haxorus|atk|1\n|-boost|p2a: Haxorus|spe|1\n|move|p1a: Musharna|Moonblast|p2a: Haxorus\n|-supereffective|p2a: Haxorus\n|-damage|p2a: Haxorus|70/244 par\n|\n|upkeep\n|turn|7\n|\n|t:|1683835770\n|move|p2a: Haxorus|Outrage|p1a: Musharna\n|-damage|p1a: Musharna|0 fnt\n|faint|p1a: Musharna\n|-damage|p2a: Haxorus|46/244 par|[from] item: Life Orb\n|\n|upkeep\n|\n|t:|1683835776\n|switch|p1a: Grimmsnarl|Grimmsnarl, L82, M|290/290\n|-damage|p1a: Grimmsnarl|254/290|[from] Stealth Rock\n|turn|8\n|\n|t:|1683835780\n|move|p2a: Haxorus|Outrage|p1a: Grimmsnarl|[from]lockedmove\n|-immune|p1a: Grimmsnarl\n|-start|p2a: Haxorus|confusion|[fatigue]\n|move|p1a: Grimmsnarl|Spirit Break|p2a: Haxorus\n|-supereffective|p2a: Haxorus\n|-damage|p2a: Haxorus|0 fnt\n|faint|p2a: Haxorus\n|\n|upkeep\n|\n|t:|1683835782\n|switch|p2a: Aegislash|Aegislash, L80, F|227/227\n|turn|9\n|\n|t:|1683835795\n|move|p1a: Grimmsnarl|Taunt|p2a: Aegislash\n|-start|p2a: Aegislash|move: Taunt\n|cant|p2a: Aegislash|move: Taunt|Substitute\n|\n|-sideend|p2: Nikoe_6|move: Light Screen\n|upkeep\n|turn|10\n|\n|t:|1683835802\n|switch|p1a: Hippowdon|Hippowdon, L80, F|304/304\n|-damage|p1a: Hippowdon|285/304|[from] Stealth Rock\n|-weather|Sandstorm|[from] ability: Sand Stream|[of] p1a: Hippowdon\n|switch|p2a: Mandibuzz|Mandibuzz, L82, F|315/315\n|\n|-weather|Sandstorm|[upkeep]\n|-heal|p1a: Hippowdon|304/304|[from] item: Leftovers\n|-sideend|p2: Nikoe_6|Reflect\n|upkeep\n|turn|11\n|\n|t:|1683835807\n|move|p2a: Mandibuzz|Toxic|p1a: Hippowdon\n|-status|p1a: Hippowdon|tox\n|move|p1a: Hippowdon|Toxic|p2a: Mandibuzz\n|-status|p2a: Mandibuzz|tox\n|\n|-weather|Sandstorm|[upkeep]\n|-damage|p2a: Mandibuzz|296/315 tox|[from] psn\n|-damage|p1a: Hippowdon|285/304 tox|[from] psn\n|upkeep\n|turn|12\n|\n|t:|1683835814\n|move|p2a: Mandibuzz|Foul Play|p1a: Hippowdon\n|-damage|p1a: Hippowdon|192/304 tox\n|move|p1a: Hippowdon|Stone Edge|p2a: Mandibuzz|[miss]\n|-miss|p1a: Hippowdon|p2a: Mandibuzz\n|\n|-weather|Sandstorm|[upkeep]\n|-heal|p1a: Hippowdon|211/304 tox|[from] item: Leftovers\n|-damage|p2a: Mandibuzz|258/315 tox|[from] psn\n|-damage|p1a: Hippowdon|173/304 tox|[from] psn\n|upkeep\n|turn|13\n|\n|t:|1683835834\n|switch|p2a: Gastrodon|Gastrodon-East, L84, F|324/324\n|switch|p1a: Noivern|Noivern, L82, M|274/274\n|\n|-weather|Sandstorm|[upkeep]\n|-damage|p1a: Noivern|257/274|[from] Sandstorm\n|upkeep\n|turn|14\n|\n|t:|1683835841\n|move|p1a: Noivern|Defog|p2a: Gastrodon\n|-unboost|p2a: Gastrodon|evasion|1\n|-sideend|p1: lauda Mera|Stealth Rock|[from] move: Defog|[of] p1a: Noivern\n|move|p2a: Gastrodon|Toxic|p1a: Noivern\n|-status|p1a: Noivern|tox\n|\n|-weather|none\n|-damage|p1a: Noivern|240/274 tox|[from] psn\n|upkeep\n|turn|15\n|\n|t:|1683835846\n|switch|p1a: Zarude|Zarude-Dada, L78|292/292\n|move|p2a: Gastrodon|Recover||[still]\n|-fail|p2a: Gastrodon|heal\n|\n|upkeep\n|turn|16\n|\n|t:|1683835850\n|switch|p2a: Mandibuzz|Mandibuzz, L82, F|258/315 tox\n|move|p1a: Zarude|Power Whip|p2a: Mandibuzz\n|-resisted|p2a: Mandibuzz\n|-damage|p2a: Mandibuzz|197/315 tox\n|\n|-damage|p2a: Mandibuzz|178/315 tox|[from] psn\n|upkeep\n|turn|17\n|\n|t:|1683835856\n|switch|p1a: Noivern|Noivern, L82, M|240/274 tox\n|move|p2a: Mandibuzz|Brave Bird|p1a: Noivern\n|-damage|p1a: Noivern|134/274 tox\n|-damage|p2a: Mandibuzz|143/315 tox|[from] Recoil\n|\n|-damage|p1a: Noivern|117/274 tox|[from] psn\n|-damage|p2a: Mandibuzz|105/315 tox|[from] psn\n|upkeep\n|turn|18\n|\n|t:|1683835862\n|switch|p2a: Aegislash|Aegislash, L80, F|227/227\n|move|p1a: Noivern|Draco Meteor|p2a: Aegislash\n|-resisted|p2a: Aegislash\n|-damage|p2a: Aegislash|184/227\n|-unboost|p1a: Noivern|spa|2\n|\n|-heal|p2a: Aegislash|198/227|[from] item: Leftovers\n|-damage|p1a: Noivern|83/274 tox|[from] psn\n|upkeep\n|turn|19\n|\n|t:|1683835872\n|switch|p1a: Hippowdon|Hippowdon, L80, F|173/304 tox\n|-weather|Sandstorm|[from] ability: Sand Stream|[of] p1a: Hippowdon\n|move|p2a: Aegislash|Substitute|p2a: Aegislash\n|-start|p2a: Aegislash|Substitute\n|-damage|p2a: Aegislash|142/227\n|\n|-weather|Sandstorm|[upkeep]\n|-heal|p2a: Aegislash|156/227|[from] item: Leftovers\n|-heal|p1a: Hippowdon|192/304 tox|[from] item: Leftovers\n|-damage|p1a: Hippowdon|173/304 tox|[from] psn\n|upkeep\n|turn|20\n|\n|t:|1683835877\n|-formechange|p2a: Aegislash|Aegislash-Blade||[from] ability: Stance Change\n|move|p2a: Aegislash|Shadow Ball|p1a: Hippowdon\n|-damage|p1a: Hippowdon|35/304 tox\n|-unboost|p1a: Hippowdon|spd|1\n|move|p1a: Hippowdon|Earthquake|p2a: Aegislash\n|-supereffective|p2a: Aegislash\n|-crit|p2a: Aegislash\n|-end|p2a: Aegislash|Substitute\n|\n|-weather|Sandstorm|[upkeep]\n|-heal|p2a: Aegislash|170/227|[from] item: Leftovers\n|-heal|p1a: Hippowdon|54/304 tox|[from] item: Leftovers\n|-damage|p1a: Hippowdon|16/304 tox|[from] psn\n|upkeep\n|turn|21\n|\n|t:|1683835888\n|move|p2a: Aegislash|Shadow Ball|p1a: Hippowdon\n|-damage|p1a: Hippowdon|0 fnt\n|faint|p1a: Hippowdon\n|\n|-weather|Sandstorm|[upkeep]\n|-heal|p2a: Aegislash|184/227|[from] item: Leftovers\n|upkeep\n|\n|t:|1683835894\n|switch|p1a: Grimmsnarl|Grimmsnarl, L82, M|254/290\n|turn|22\n|\n|t:|1683835902\n|switch|p2a: Carbink|Carbink, L86|119/226 par\n|move|p1a: Grimmsnarl|Taunt|p2a: Carbink\n|-start|p2a: Carbink|move: Taunt\n|\n|-weather|Sandstorm|[upkeep]\n|-damage|p1a: Grimmsnarl|236/290|[from] Sandstorm\n|upkeep\n|turn|23\n|\n|t:|1683835928\n|move|p1a: Grimmsnarl|Light Screen|p1a: Grimmsnarl\n|-sidestart|p1: lauda Mera|move: Light Screen\n|move|p2a: Carbink|Moonblast|p1a: Grimmsnarl\n|-supereffective|p1a: Grimmsnarl\n|-damage|p1a: Grimmsnarl|157/290\n|\n|-weather|none\n|upkeep\n|turn|24\n|\n|t:|1683835936\n|move|p1a: Grimmsnarl|Reflect|p1a: Grimmsnarl\n|-sidestart|p1: lauda Mera|Reflect\n|move|p2a: Carbink|Moonblast|p1a: Grimmsnarl\n|-supereffective|p1a: Grimmsnarl\n|-damage|p1a: Grimmsnarl|85/290\n|\n|-end|p2a: Carbink|move: Taunt\n|upkeep\n|turn|25\n|\n|t:|1683835948\n|switch|p1a: Cofagrigus|Cofagrigus, L86, M|240/240\n|cant|p2a: Carbink|par\n|\n|upkeep\n|turn|26\n|\n|t:|1683835950\n|move|p1a: Cofagrigus|Shadow Ball|p2a: Carbink\n|-damage|p2a: Carbink|59/226 par\n|move|p2a: Carbink|Light Screen|p2a: Carbink\n|-sidestart|p2: Nikoe_6|move: Light Screen\n|\n|upkeep\n|turn|27\n|\n|t:|1683835962\n|switch|p2a: Mandibuzz|Mandibuzz, L82, F|105/315 tox\n|move|p1a: Cofagrigus|Shadow Ball|p2a: Mandibuzz\n|-resisted|p2a: Mandibuzz\n|-damage|p2a: Mandibuzz|85/315 tox\n|\n|-damage|p2a: Mandibuzz|66/315 tox|[from] psn\n|upkeep\n|turn|28\n|\n|t:|1683835976\n|move|p2a: Mandibuzz|Roost|p2a: Mandibuzz\n|-heal|p2a: Mandibuzz|224/315 tox\n|-singleturn|p2a: Mandibuzz|move: Roost\n|move|p1a: Cofagrigus|Body Press|p2a: Mandibuzz\n|-supereffective|p2a: Mandibuzz\n|-damage|p2a: Mandibuzz|72/315 tox\n|\n|-damage|p2a: Mandibuzz|34/315 tox|[from] psn\n|upkeep\n|turn|29\n|\n|t:|1683835985\n|move|p2a: Mandibuzz|Toxic|p1a: Cofagrigus\n|-status|p1a: Cofagrigus|tox\n|move|p1a: Cofagrigus|Body Press|p2a: Mandibuzz\n|-damage|p2a: Mandibuzz|0 fnt\n|faint|p2a: Mandibuzz\n|\n|-damage|p1a: Cofagrigus|225/240 tox|[from] psn\n|upkeep\n|\n|t:|1683836004\n|switch|p2a: Gastrodon|Gastrodon-East, L84, F|324/324\n|turn|30\n|\n|t:|1683836008\n|switch|p1a: Zarude|Zarude-Dada, L78|292/292\n|move|p2a: Gastrodon|Earthquake|p1a: Zarude\n|-resisted|p1a: Zarude\n|-damage|p1a: Zarude|268/292\n|\n|-heal|p1a: Zarude|286/292|[from] item: Leftovers\n|-sideend|p1: lauda Mera|move: Light Screen\n|upkeep\n|turn|31\n|\n|t:|1683836012\n|switch|p2a: Aegislash|Aegislash, L80, F|184/227\n|move|p1a: Zarude|Bulk Up|p1a: Zarude\n|-boost|p1a: Zarude|atk|1\n|-boost|p1a: Zarude|def|1\n|\n|-heal|p1a: Zarude|292/292|[from] item: Leftovers\n|-heal|p2a: Aegislash|198/227|[from] item: Leftovers\n|-sideend|p1: lauda Mera|Reflect\n|upkeep\n|turn|32\n|\n|t:|1683836020\n|-start|p1a: Zarude|Dynamax|\n|-heal|p1a: Zarude|584/584|[silent]\n|move|p1a: Zarude|Max Darkness|p2a: Aegislash\n|-supereffective|p2a: Aegislash\n|-damage|p2a: Aegislash|0 fnt\n|faint|p2a: Aegislash\n|\n|upkeep\n|\n|t:|1683836047\n|switch|p2a: Carbink|Carbink, L86|59/226 par\n|turn|33\n|\n|t:|1683836060\n|move|p1a: Zarude|Max Overgrowth|p2a: Carbink\n|-supereffective|p2a: Carbink\n|-damage|p2a: Carbink|0 fnt\n|-fieldstart|move: Grassy Terrain\n|faint|p2a: Carbink\n|\n|-sideend|p2: Nikoe_6|move: Light Screen\n|upkeep\n|\n|t:|1683836064\n|switch|p2a: Gastrodon|Gastrodon-East, L84, F|324/324\n|turn|34\n|\n|t:|1683836071\n|move|p1a: Zarude|Max Overgrowth|p2a: Gastrodon\n|-supereffective|p2a: Gastrodon\n|-damage|p2a: Gastrodon|0 fnt\n|faint|p2a: Gastrodon\n|\n|upkeep\n|\n|t:|1683836075\n|switch|p2a: Porygon-Z|Porygon-Z, L80|267/267\n|-ability|p2a: Porygon-Z|Download|boost\n|-boost|p2a: Porygon-Z|spa|1\n|-end|p1a: Zarude|Dynamax\n|-heal|p1a: Zarude|292/292|[silent]\n|turn|35\n|\n|t:|1683836082\n|-start|p2a: Porygon-Z|Dynamax|\n|-heal|p2a: Porygon-Z|534/534|[silent]\n|move|p1a: Zarude|Power Whip|p2a: Porygon-Z\n|-damage|p2a: Porygon-Z|234/534\n|move|p2a: Porygon-Z|Max Strike|p1a: Zarude\n|-damage|p1a: Zarude|0 fnt\n|faint|p1a: Zarude\n|-damage|p2a: Porygon-Z|208/534|[from] item: Life Orb\n|\n|-heal|p2a: Porygon-Z|224/534|[from] Grassy Terrain\n|upkeep\n|\n|t:|1683836085\n|switch|p1a: Noivern|Noivern, L82, M|83/274 tox\n|turn|36\n|\n|t:|1683836095\n|move|p1a: Noivern|Draco Meteor|p2a: Porygon-Z\n|-damage|p2a: Porygon-Z|83/534\n|-unboost|p1a: Noivern|spa|2\n|move|p2a: Porygon-Z|Max Strike|p1a: Noivern\n|-damage|p1a: Noivern|0 fnt\n|faint|p1a: Noivern\n|-damage|p2a: Porygon-Z|57/534|[from] item: Life Orb\n|\n|-heal|p2a: Porygon-Z|73/534|[from] Grassy Terrain\n|upkeep\n|\n|t:|1683836104\n|switch|p1a: Cofagrigus|Cofagrigus, L86, M|225/240 tox\n|turn|37\n|\n|t:|1683836108\n|move|p2a: Porygon-Z|Max Darkness|p1a: Cofagrigus\n|-supereffective|p1a: Cofagrigus\n|-crit|p1a: Cofagrigus\n|-damage|p1a: Cofagrigus|0 fnt\n|faint|p1a: Cofagrigus\n|-damage|p2a: Porygon-Z|47/534|[from] item: Life Orb\n|\n|-heal|p2a: Porygon-Z|63/534|[from] Grassy Terrain\n|-fieldend|move: Grassy Terrain\n|upkeep\n|\n|t:|1683836110\n|switch|p1a: Grimmsnarl|Grimmsnarl, L82, M|85/290\n|-end|p2a: Porygon-Z|Dynamax\n|-heal|p2a: Porygon-Z|32/267|[silent]\n|turn|38\n|\n|t:|1683836117\n|move|p2a: Porygon-Z|Tri Attack|p1a: Grimmsnarl\n|-damage|p1a: Grimmsnarl|0 fnt\n|faint|p1a: Grimmsnarl\n|-damage|p2a: Porygon-Z|6/267|[from] item: Life Orb\n|\n|win|Nikoe_6\n|raw|lauda Mera's rating: 1479 &rarr; <strong>1457</strong><br />(-22 for losing)\n|raw|Nikoe_6's rating: 1451 &rarr; <strong>1473</strong><br />(+22 for winning)\n|l|\u2606lauda Mera\n", "inputlog": ">version bce759c5f189753f4322d11c9e5aa78bbe1b1bf9\n>start {\"formatid\":\"gen8randombattle\",\"seed\":[32369,65512,34485,12809],\"rated\":\"Rated battle\"}\n>player p1 {\"name\":\"lauda Mera\",\"avatar\":\"hilbert-wonderlauncher\",\"rating\":1459,\"seed\":[12016,28908,38885,20440]}\n>player p2 {\"name\":\"Nikoe_6\",\"avatar\":\"2\",\"rating\":1451,\"seed\":[28733,4578,8135,58643]}\n>p1 move thunderwave\n>p2 move stealthrock\n>p1 move psychic\n>p2 move lightscreen\n>p1 move psychic\n>p2 move reflect\n>p1 move psychic\n>p2 switch 2\n>p1 move thunderwave\n>p2 move dragondance\n>p1 move moonblast\n>p2 move dragondance\n>p1 move moonblast\n>p2 move outrage\n>p1 switch 5\n>p1 move spiritbreak\n>p2 move outrage\n>p2 switch 5\n>p1 move taunt\n>p2 move substitute\n>p1 switch 2\n>p2 switch 3\n>p1 move toxic\n>p2 move toxic\n>p1 move stoneedge\n>p2 move foulplay\n>p1 switch 4\n>p2 switch 4\n>p1 move defog\n>p2 move toxic\n>p1 switch 6\n>p2 move recover\n>p1 move powerwhip\n>p2 switch 4\n>p1 switch 6\n>p2 move bravebird\n>p1 move dracometeor\n>p2 switch 3\n>p1 switch 4\n>p2 move substitute\n>p1 move earthquake\n>p2 move shadowball\n>p1 move earthquake\n>p2 move shadowball\n>p1 switch 2\n>p1 move taunt\n>p2 switch 2\n>p1 move lightscreen\n>p2 move moonblast\n>p1 move reflect\n>p2 move moonblast\n>p1 switch 3\n>p2 move moonblast\n>p1 move shadowball\n>p2 move lightscreen\n>p1 move shadowball\n>p2 switch 3\n>p1 move bodypress\n>p2 move roost\n>p1 move bodypress\n>p2 move toxic\n>p2 switch 4\n>p1 switch 6\n>p2 move earthquake\n>p1 move bulkup\n>p2 switch 2\n>p1 move darkestlariat dynamax\n>p2 move toxic\n>p2 switch 3\n>p1 move powerwhip dynamax\n>p2 move reflect\n>p2 switch 2\n>p1 move powerwhip dynamax\n>p2 move scald\n>p2 switch 6\n>p1 move powerwhip\n>p2 move triattack dynamax\n>p1 switch 4\n>p1 move dracometeor\n>p2 move triattack dynamax\n>p1 switch 6\n>p1 move bodypress\n>p2 move darkpulse dynamax\n>p1 switch 3\n>p1 move spiritbreak\n>p2 move triattack", "uploadtime": 1683836133, "views": 5, "p1id": "laudamera", "p2id": "nikoe6", "formatid": "gen8randombattle", "rating": 1457, "private": 0, "password": ""}