|j|☆Nextella
|j|☆Genesis mel
|t:|1685384935
|gametype|singles
|player|p1|Nextella|volo|1404
|player|p2|Genesis mel|1|1314
|teamsize|p1|6
|teamsize|p2|6
|gen|8
|tier|[Gen 8] Random Battle
|rated|
|rule|Species Clause: Limit one of each Pokémon
|rule|HP Percentage Mod: HP is shown in percentages
|rule|Sleep Clause Mod: Limit one foe put to sleep
|
|t:|1685384935
|start
|switch|p1a: Salazzle|Salazzle, L82, F|246/246
|switch|p2a: Gallade|Gallade, L82, M|246/246
|turn|1
|
|t:|1685384964
|switch|p1a: Runerigus|Runerigus, L84, M|235/235
|move|p2a: Gallade|Zen Headbutt|p1a: Runerigus
|-damage|p1a: Runerigus|152/235
|-activate|p1a: Runerigus|ability: Wandering Spirit|Justified|Wandering Spirit|[of] p2a: Gallade
|-damage|p2a: Gallade|222/246|[from] item: Life Orb
|
|-heal|p1a: Runerigus|166/235|[from] item: Leftovers
|upkeep
|turn|2
|inactive|Battle timer is ON: inactive players will automatically lose when time's up. (requested by Genesis mel)
|
|t:|1685384980
|move|p2a: Gallade|Knock Off|p1a: Runerigus
|-supereffective|p1a: Runerigus
|-damage|p1a: Runerigus|23/235
|-ability|p1a: Runerigus|Justified|boost
|-boost|p1a: Runerigus|atk|1
|-enditem|p1a: Runerigus|Leftovers|[from] move: Knock Off|[of] p2a: Gallade
|-damage|p2a: Gallade|198/246|[from] item: Life Orb
|move|p1a: Runerigus|Toxic Spikes|p2a: Gallade
|-sidestart|p2: Genesis mel|move: Toxic Spikes
|
|upkeep
|turn|3
|
|t:|1685384990
|move|p2a: Gallade|Knock Off|p1a: Runerigus
|-supereffective|p1a: Runerigus
|-damage|p1a: Runerigus|0 fnt
|faint|p1a: Runerigus
|-damage|p2a: Gallade|174/246|[from] item: Life Orb
|
|upkeep
|
|t:|1685384995
|switch|p1a: Salazzle|Salazzle, L82, F|246/246
|turn|4
|
|t:|1685385001
|move|p1a: Salazzle|Substitute|p1a: Salazzle
|-start|p1a: Salazzle|Substitute
|-damage|p1a: Salazzle|185/246
|move|p2a: Gallade|Zen Headbutt|p1a: Salazzle
|-supereffective|p1a: Salazzle
|-end|p1a: Salazzle|Substitute
|-damage|p2a: Gallade|150/246|[from] item: Life Orb
|
|-heal|p1a: Salazzle|200/246|[from] item: Black Sludge
|upkeep
|turn|5
|
|t:|1685385013
|move|p1a: Salazzle|Substitute|p1a: Salazzle
|-start|p1a: Salazzle|Substitute
|-damage|p1a: Salazzle|139/246
|move|p2a: Gallade|Zen Headbutt|p1a: Salazzle
|-supereffective|p1a: Salazzle
|-end|p1a: Salazzle|Substitute
|-damage|p2a: Gallade|126/246|[from] item: Life Orb
|
|-heal|p1a: Salazzle|154/246|[from] item: Black Sludge
|upkeep
|turn|6
|
|t:|1685385023
|move|p1a: Salazzle|Substitute|p1a: Salazzle
|-start|p1a: Salazzle|Substitute
|-damage|p1a: Salazzle|93/246
|move|p2a: Gallade|Zen Headbutt|p1a: Salazzle
|-supereffective|p1a: Salazzle
|-end|p1a: Salazzle|Substitute
|-damage|p2a: Gallade|102/246|[from] item: Life Orb
|
|-heal|p1a: Salazzle|108/246|[from] item: Black Sludge
|upkeep
|turn|7
|
|t:|1685385034
|move|p1a: Salazzle|Protect|p1a: Salazzle
|-singleturn|p1a: Salazzle|Protect
|move|p2a: Gallade|Zen Headbutt|p1a: Salazzle
|-activate|p1a: Salazzle|move: Protect
|
|-heal|p1a: Salazzle|123/246|[from] item: Black Sludge
|upkeep
|turn|8
|
|t:|1685385041
|move|p1a: Salazzle|Substitute|p1a: Salazzle
|-start|p1a: Salazzle|Substitute
|-damage|p1a: Salazzle|62/246
|move|p2a: Gallade|Zen Headbutt|p1a: Salazzle|[miss]
|-miss|p2a: Gallade|p1a: Salazzle
|
|-heal|p1a: Salazzle|77/246|[from] item: Black Sludge
|upkeep
|turn|9
|
|t:|1685385061
|switch|p2a: Eternatus|Eternatus, L69|308/308
|-sideend|p2: Genesis mel|move: Toxic Spikes|[of] p2a: Eternatus
|-ability|p2a: Eternatus|Pressure
|move|p1a: Salazzle|Protect||[still]
|-fail|p1a: Salazzle
|
|-heal|p1a: Salazzle|92/246|[from] item: Black Sludge
|upkeep
|turn|10
|
|t:|1685385077
|move|p1a: Salazzle|Toxic|p2a: Eternatus
|-status|p2a: Eternatus|tox
|move|p2a: Eternatus|Dynamax Cannon|p1a: Salazzle
|-crit|p1a: Salazzle
|-end|p1a: Salazzle|Substitute
|
|-heal|p1a: Salazzle|107/246|[from] item: Black Sludge
|-damage|p2a: Eternatus|289/308 tox|[from] psn
|upkeep
|turn|11
|
|t:|1685385091
|move|p1a: Salazzle|Substitute|p1a: Salazzle
|-start|p1a: Salazzle|Substitute
|-damage|p1a: Salazzle|46/246
|move|p2a: Eternatus|Dynamax Cannon|p1a: Salazzle
|-end|p1a: Salazzle|Substitute
|
|-heal|p1a: Salazzle|61/246|[from] item: Black Sludge
|-damage|p2a: Eternatus|251/308 tox|[from] psn
|upkeep
|turn|12
|inactive|Genesis mel has 120 seconds left.
|
|t:|1685385116
|switch|p2a: Gallade|Gallade, L82, M|102/246
|move|p1a: Salazzle|Protect||[still]
|-fail|p1a: Salazzle
|
|-heal|p1a: Salazzle|76/246|[from] item: Black Sludge
|upkeep
|turn|13
|inactive|Genesis mel has 120 seconds left.
|
|t:|1685385125
|move|p1a: Salazzle|Flamethrower|p2a: Gallade
|-damage|p2a: Gallade|20/246
|move|p2a: Gallade|Knock Off|p1a: Salazzle
|-damage|p1a: Salazzle|0 fnt
|-enditem|p1a: Salazzle|Black Sludge|[from] move: Knock Off|[of] p2a: Gallade
|faint|p1a: Salazzle
|-damage|p2a: Gallade|0 fnt|[from] item: Life Orb
|faint|p2a: Gallade
|
|upkeep
|inactive|Genesis mel has 120 seconds left.
|
|t:|1685385149
|switch|p1a: Coalossal|Coalossal, L87, M|333/333
|switch|p2a: Sceptile|Sceptile, L86, F|261/261
|turn|14
|inactive|Genesis mel has 120 seconds left.
|
|t:|1685385168
|switch|p2a: Quagsire|Quagsire, L84, F|297/297
|move|p1a: Coalossal|Overheat|p2a: Quagsire|[miss]
|-miss|p1a: Coalossal|p2a: Quagsire
|
|upkeep
|turn|15
|
|t:|1685385176
|switch|p1a: Roserade|Roserade, L84, F|238/238
|move|p2a: Quagsire|Scald|p1a: Roserade
|-resisted|p1a: Roserade
|-damage|p1a: Roserade|212/238
|
|-heal|p1a: Roserade|226/238|[from] item: Black Sludge
|upkeep
|turn|16
|inactive|Genesis mel has 120 seconds left.
|
|t:|1685385183
|switch|p2a: Sceptile|Sceptile, L86, F|261/261
|move|p1a: Roserade|Sludge Bomb|p2a: Sceptile
|-supereffective|p2a: Sceptile
|-crit|p2a: Sceptile
|-damage|p2a: Sceptile|0 fnt
|faint|p2a: Sceptile
|
|-heal|p1a: Roserade|238/238|[from] item: Black Sludge
|upkeep
|inactive|Genesis mel has 120 seconds left.
|
|t:|1685385193
|switch|p2a: Eternatus|Eternatus, L69|251/308 tox
|-ability|p2a: Eternatus|Pressure
|turn|17
|
|t:|1685385219
|move|p2a: Eternatus|Flamethrower|p1a: Roserade
|-supereffective|p1a: Roserade
|-damage|p1a: Roserade|134/238
|-status|p1a: Roserade|brn
|move|p1a: Roserade|Synthesis|p1a: Roserade
|-heal|p1a: Roserade|238/238 brn
|
|-damage|p2a: Eternatus|232/308 tox|[from] psn
|-damage|p1a: Roserade|224/238 brn|[from] brn
|upkeep
|turn|18
|
|t:|1685385229
|-curestatus|p1a: Roserade|brn|[from] ability: Natural Cure
|switch|p1a: Coalossal|Coalossal, L87, M|333/333
|move|p2a: Eternatus|Flamethrower|p1a: Coalossal
|-resisted|p1a: Coalossal
|-damage|p1a: Coalossal|315/333
|
|-damage|p2a: Eternatus|194/308 tox|[from] psn
|upkeep
|turn|19
|
|t:|1685385241
|switch|p2a: Quagsire|Quagsire, L84, F|297/297
|move|p1a: Coalossal|Stealth Rock|p2a: Quagsire
|-sidestart|p2: Genesis mel|move: Stealth Rock
|
|upkeep
|turn|20
|
|t:|1685385248
|switch|p1a: Roserade|Roserade, L84, F|224/238
|move|p2a: Quagsire|Earthquake|p1a: Roserade
|-damage|p1a: Roserade|106/238
|
|-heal|p1a: Roserade|120/238|[from] item: Black Sludge
|upkeep
|turn|21
|
|t:|1685385265
|move|p1a: Roserade|Synthesis|p1a: Roserade
|-heal|p1a: Roserade|238/238
|move|p2a: Quagsire|Ice Beam|p1a: Roserade
|-supereffective|p1a: Roserade
|-damage|p1a: Roserade|158/238
|
|-heal|p1a: Roserade|172/238|[from] item: Black Sludge
|upkeep
|turn|22
|
|t:|1685385278
|switch|p2a: Togekiss|Togekiss, L80, F|267/267
|move|p1a: Roserade|Leaf Storm|p2a: Togekiss
|-resisted|p2a: Togekiss
|-damage|p2a: Togekiss|201/267
|-unboost|p1a: Roserade|spa|2
|
|-heal|p1a: Roserade|186/238|[from] item: Black Sludge
|upkeep
|turn|23
|
|t:|1685385288
|switch|p1a: Coalossal|Coalossal, L87, M|315/333
|move|p2a: Togekiss|Nasty Plot|p2a: Togekiss
|-boost|p2a: Togekiss|spa|2
|
|upkeep
|turn|24
|
|t:|1685385296
|move|p2a: Togekiss|Aura Sphere|p1a: Coalossal
|-supereffective|p1a: Coalossal
|-damage|p1a: Coalossal|75/333
|move|p1a: Coalossal|Stone Edge|p2a: Togekiss
|-supereffective|p2a: Togekiss
|-damage|p2a: Togekiss|1/267
|
|upkeep
|turn|25
|
|t:|1685385304
|move|p2a: Togekiss|Aura Sphere|p1a: Coalossal
|-supereffective|p1a: Coalossal
|-damage|p1a: Coalossal|0 fnt
|faint|p1a: Coalossal
|
|upkeep
|
|t:|1685385307
|switch|p1a: Roserade|Roserade, L84, F|186/238
|turn|26
|
|t:|1685385330
|switch|p2a: Corviknight|Corviknight, L78, F|281/281
|-damage|p2a: Corviknight|246/281|[from] Stealth Rock
|move|p1a: Roserade|Sludge Bomb|p2a: Corviknight
|-immune|p2a: Corviknight
|
|-heal|p1a: Roserade|200/238|[from] item: Black Sludge
|-heal|p2a: Corviknight|263/281|[from] item: Leftovers
|upkeep
|turn|27
|
|t:|1685385351
|switch|p1a: Lapras|Lapras, L86, F|363/363
|move|p2a: Corviknight|Bulk Up|p2a: Corviknight
|-boost|p2a: Corviknight|atk|1
|-boost|p2a: Corviknight|def|1
|
|-heal|p2a: Corviknight|280/281|[from] item: Leftovers
|upkeep
|turn|28
|
|t:|1685385363
|move|p1a: Lapras|Ice Beam|p2a: Corviknight
|-damage|p2a: Corviknight|189/281
|move|p2a: Corviknight|Body Press|p1a: Lapras
|-supereffective|p1a: Lapras
|-damage|p1a: Lapras|195/363
|
|-heal|p1a: Lapras|217/363|[from] item: Leftovers
|-heal|p2a: Corviknight|206/281|[from] item: Leftovers
|upkeep
|turn|29
|
|t:|1685385378
|move|p1a: Lapras|Ice Beam|p2a: Corviknight
|-crit|p2a: Corviknight
|-damage|p2a: Corviknight|50/281
|move|p2a: Corviknight|Roost|p2a: Corviknight
|-heal|p2a: Corviknight|191/281
|-singleturn|p2a: Corviknight|move: Roost
|
|-heal|p1a: Lapras|239/363|[from] item: Leftovers
|-heal|p2a: Corviknight|208/281|[from] item: Leftovers
|upkeep
|turn|30
|
|t:|1685385393
|switch|p1a: Pangoro|Pangoro, L84, M|297/297
|move|p2a: Corviknight|Roost|p2a: Corviknight
|-heal|p2a: Corviknight|281/281
|-singleturn|p2a: Corviknight|move: Roost
|
|upkeep
|turn|31
|
|t:|1685385402
|-start|p1a: Pangoro|Dynamax|
|-heal|p1a: Pangoro|594/594|[silent]
|move|p2a: Corviknight|Brave Bird|p1a: Pangoro
|-supereffective|p1a: Pangoro
|-damage|p1a: Pangoro|270/594
|-damage|p2a: Corviknight|174/281|[from] Recoil
|move|p1a: Pangoro|Max Knuckle|p2a: Corviknight
|-damage|p2a: Corviknight|104/281
|-boost|p1a: Pangoro|atk|1
|
|-heal|p2a: Corviknight|121/281|[from] item: Leftovers
|upkeep
|turn|32
|
|t:|1685385416
|move|p2a: Corviknight|Brave Bird|p1a: Pangoro
|-supereffective|p1a: Pangoro
|-damage|p1a: Pangoro|0 fnt
|faint|p1a: Pangoro
|-damage|p2a: Corviknight|32/281|[from] Recoil
|
|-heal|p2a: Corviknight|49/281|[from] item: Leftovers
|upkeep
|
|t:|1685385420
|switch|p1a: Lapras|Lapras, L86, F|239/363
|turn|33
|inactive|Genesis mel has 120 seconds left.
|
|t:|1685385456
|switch|p2a: Quagsire|Quagsire, L84, F|297/297
|-damage|p2a: Quagsire|279/297|[from] Stealth Rock
|move|p1a: Lapras|Ice Beam|p2a: Quagsire
|-damage|p2a: Quagsire|156/297
|
|-heal|p1a: Lapras|261/363|[from] item: Leftovers
|-heal|p2a: Quagsire|174/297|[from] item: Leftovers
|upkeep
|turn|34
|
|t:|1685385470
|move|p1a: Lapras|Toxic|p2a: Quagsire
|-status|p2a: Quagsire|tox
|move|p2a: Quagsire|Recover|p2a: Quagsire
|-heal|p2a: Quagsire|297/297 tox
|
|-heal|p1a: Lapras|283/363|[from] item: Leftovers
|-damage|p2a: Quagsire|279/297 tox|[from] psn
|upkeep
|turn|35
|inactive|Genesis mel has 120 seconds left.
|
|t:|1685385495
|move|p1a: Lapras|Ice Beam|p2a: Quagsire
|-damage|p2a: Quagsire|173/297 tox
|move|p2a: Quagsire|Earthquake|p1a: Lapras
|-damage|p1a: Lapras|190/363
|
|-heal|p1a: Lapras|212/363|[from] item: Leftovers
|-heal|p2a: Quagsire|191/297 tox|[from] item: Leftovers
|-damage|p2a: Quagsire|155/297 tox|[from] psn
|upkeep
|turn|36
|
|t:|1685385502
|move|p1a: Lapras|Ice Beam|p2a: Quagsire
|-crit|p2a: Quagsire
|-damage|p2a: Quagsire|0 fnt
|faint|p2a: Quagsire
|
|-heal|p1a: Lapras|234/363|[from] item: Leftovers
|upkeep
|inactive|Genesis mel has 120 seconds left.
|
|t:|1685385508
|switch|p2a: Togekiss|Togekiss, L80, F|1/267
|turn|37
|inactive|Genesis mel has 120 seconds left.
|
|t:|1685385521
|switch|p1a: Roserade|Roserade, L84, F|200/238
|move|p2a: Togekiss|Aura Sphere|p1a: Roserade
|-resisted|p1a: Roserade
|-damage|p1a: Roserade|172/238
|
|-heal|p1a: Roserade|186/238|[from] item: Black Sludge
|upkeep
|turn|38
|
|t:|1685385529
|move|p1a: Roserade|Leaf Storm|p2a: Togekiss
|-resisted|p2a: Togekiss
|-crit|p2a: Togekiss
|-damage|p2a: Togekiss|0 fnt
|-unboost|p1a: Roserade|spa|2
|faint|p2a: Togekiss
|
|-heal|p1a: Roserade|200/238|[from] item: Black Sludge
|upkeep
|
|t:|1685385533
|switch|p2a: Corviknight|Corviknight, L78, F|49/281
|-damage|p2a: Corviknight|14/281|[from] Stealth Rock
|turn|39
|
|t:|1685385536
|move|p1a: Roserade|Leaf Storm|p2a: Corviknight
|-resisted|p2a: Corviknight
|-crit|p2a: Corviknight
|-damage|p2a: Corviknight|0 fnt
|-unboost|p1a: Roserade|spa|2
|faint|p2a: Corviknight
|
|-heal|p1a: Roserade|214/238|[from] item: Black Sludge
|upkeep
|
|t:|1685385538
|switch|p2a: Eternatus|Eternatus, L69|194/308 tox
|-damage|p2a: Eternatus|156/308 tox|[from] Stealth Rock
|-ability|p2a: Eternatus|Pressure
|turn|40
|
|t:|1685385546
|move|p2a: Eternatus|Flamethrower|p1a: Roserade
|-supereffective|p1a: Roserade
|-damage|p1a: Roserade|112/238
|move|p1a: Roserade|Synthesis|p1a: Roserade
|-heal|p1a: Roserade|231/238
|
|-heal|p1a: Roserade|238/238|[from] item: Black Sludge
|-damage|p2a: Eternatus|137/308 tox|[from] psn
|upkeep
|turn|41
|
|t:|1685385552
|switch|p1a: Lapras|Lapras, L86, F|234/363
|move|p2a: Eternatus|Recover|p2a: Eternatus
|-heal|p2a: Eternatus|291/308 tox
|
|-heal|p1a: Lapras|256/363|[from] item: Leftovers
|-damage|p2a: Eternatus|253/308 tox|[from] psn
|upkeep
|turn|42
|
|t:|1685385557
|move|p1a: Lapras|Protect|p1a: Lapras
|-singleturn|p1a: Lapras|Protect
|move|p2a: Eternatus|Sludge Wave|p1a: Lapras
|-activate|p1a: Lapras|move: Protect
|
|-heal|p1a: Lapras|278/363|[from] item: Leftovers
|-damage|p2a: Eternatus|196/308 tox|[from] psn
|upkeep
|turn|43
|c|☆Genesis mel|Gg
|c|☆Nextella|gg
|-message|Genesis mel forfeited.
|
|win|Nextella
|raw|Nextella's rating: 1404 &rarr; <strong>1419</strong><br />(+15 for winning)
|raw|Genesis mel's rating: 1314 &rarr; <strong>1299</strong><br />(-15 for losing)
|l|☆Genesis mel
