{"id": "gen8randombattle-1872811213", "p1": "ftmajato", "p2": "HarleyVaxxe7117", "format": "[Gen 8] Random Battle", "log": "|j|\u2606ftmajato\n|j|\u2606HarleyVaxxe7117\n|t:|1685287781\n|gametype|singles\n|player|p1|ftmajato|lance|1205\n|player|p2|HarleyVaxxe7117|170|1161\n|teamsize|p1|6\n|teamsize|p2|6\n|gen|8\n|tier|[Gen 8] Random Battle\n|rated|\n|rule|Species Clause: Limit one of each Pok\u00e9mon\n|rule|HP Percentage Mod: HP is shown in percentages\n|rule|Sleep Clause Mod: Limit one foe put to sleep\n|\n|t:|1685287781\n|start\n|switch|p1a: Butterfree|Butterfree, L87, M|246/246\n|switch|p2a: Gallade|Gallade, L82, M|246/246\n|turn|1\n|\n|t:|1685287788\n|switch|p1a: Leafeon|Leafeon, L86, F|252/252\n|move|p2a: Gallade|Zen Headbutt|p1a: Leafeon\n|-damage|p1a: Leafeon|162/252\n|-damage|p2a: Gallade|222/246|[from] item: Life Orb\n|\n|upkeep\n|turn|2\n|\n|t:|1685287791\n|switch|p2a: Scolipede|Scolipede, L80, F|227/227\n|move|p1a: Leafeon|X-Scissor|p2a: Scolipede\n|-resisted|p2a: Scolipede\n|-damage|p2a: Scolipede|185/227\n|-damage|p1a: Leafeon|137/252|[from] item: Life Orb\n|\n|upkeep\n|turn|3\n|\n|t:|1685287798\n|switch|p1a: Butterfree|Butterfree, L87, M|246/246\n|move|p2a: Scolipede|Swords Dance|p2a: Scolipede\n|-boost|p2a: Scolipede|atk|2\n|\n|-ability|p2a: Scolipede|Speed Boost|boost\n|-boost|p2a: Scolipede|spe|1\n|upkeep\n|turn|4\n|\n|t:|1685287821\n|move|p2a: Scolipede|Poison Jab|p1a: Butterfree\n|-damage|p1a: Butterfree|0 fnt\n|faint|p1a: Butterfree\n|-damage|p2a: Scolipede|163/227|[from] item: Life Orb\n|\n|-ability|p2a: Scolipede|Speed Boost|boost\n|-boost|p2a: Scolipede|spe|1\n|upkeep\n|\n|t:|1685287827\n|switch|p1a: Mawile|Mawile, L86, F|226/226\n|turn|5\n|\n|t:|1685287840\n|move|p2a: Scolipede|Earthquake|p1a: Mawile\n|-supereffective|p1a: Mawile\n|-damage|p1a: Mawile|0 fnt\n|faint|p1a: Mawile\n|-damage|p2a: Scolipede|141/227|[from] item: Life Orb\n|\n|-ability|p2a: Scolipede|Speed Boost|boost\n|-boost|p2a: Scolipede|spe|1\n|upkeep\n|\n|t:|1685287846\n|switch|p1a: Drifblim|Drifblim, L84, M|389/389\n|turn|6\n|\n|t:|1685287863\n|move|p2a: Scolipede|Poison Jab|p1a: Drifblim\n|-resisted|p1a: Drifblim\n|-damage|p1a: Drifblim|233/389\n|-damage|p2a: Scolipede|119/227|[from] item: Life Orb\n|move|p1a: Drifblim|Calm Mind|p1a: Drifblim\n|-boost|p1a: Drifblim|spa|1\n|-boost|p1a: Drifblim|spd|1\n|\n|-ability|p2a: Scolipede|Speed Boost|boost\n|-boost|p2a: Scolipede|spe|1\n|upkeep\n|turn|7\n|\n|t:|1685287866\n|move|p2a: Scolipede|Poison Jab|p1a: Drifblim\n|-resisted|p1a: Drifblim\n|-damage|p1a: Drifblim|65/389\n|-status|p1a: Drifblim|psn\n|-enditem|p1a: Drifblim|Sitrus Berry|[eat]\n|-heal|p1a: Drifblim|162/389 psn|[from] item: Sitrus Berry\n|-damage|p2a: Scolipede|97/227|[from] item: Life Orb\n|move|p1a: Drifblim|Strength Sap|p2a: Scolipede\n|-unboost|p2a: Scolipede|atk|1\n|-heal|p1a: Drifblim|389/389 psn\n|\n|-damage|p1a: Drifblim|341/389 psn|[from] psn\n|-ability|p2a: Scolipede|Speed Boost|boost\n|-boost|p2a: Scolipede|spe|1\n|upkeep\n|turn|8\n|\n|t:|1685287871\n|move|p2a: Scolipede|Poison Jab|p1a: Drifblim\n|-resisted|p1a: Drifblim\n|-damage|p1a: Drifblim|219/389 psn\n|-damage|p2a: Scolipede|75/227|[from] item: Life Orb\n|move|p1a: Drifblim|Calm Mind|p1a: Drifblim\n|-boost|p1a: Drifblim|spa|1\n|-boost|p1a: Drifblim|spd|1\n|\n|-damage|p1a: Drifblim|171/389 psn|[from] psn\n|-ability|p2a: Scolipede|Speed Boost|boost\n|-boost|p2a: Scolipede|spe|1\n|upkeep\n|turn|9\n|\n|t:|1685287874\n|move|p2a: Scolipede|Poison Jab|p1a: Drifblim\n|-resisted|p1a: Drifblim\n|-damage|p1a: Drifblim|50/389 psn\n|-damage|p2a: Scolipede|53/227|[from] item: Life Orb\n|move|p1a: Drifblim|Strength Sap|p2a: Scolipede\n|-unboost|p2a: Scolipede|atk|1\n|-heal|p1a: Drifblim|359/389 psn\n|\n|-damage|p1a: Drifblim|311/389 psn|[from] psn\n|upkeep\n|turn|10\n|\n|t:|1685287882\n|move|p2a: Scolipede|Poison Jab|p1a: Drifblim\n|-resisted|p1a: Drifblim\n|-damage|p1a: Drifblim|225/389 psn\n|-damage|p2a: Scolipede|31/227|[from] item: Life Orb\n|move|p1a: Drifblim|Strength Sap|p2a: Scolipede\n|-unboost|p2a: Scolipede|atk|1\n|-heal|p1a: Drifblim|389/389 psn\n|\n|-damage|p1a: Drifblim|341/389 psn|[from] psn\n|upkeep\n|turn|11\n|\n|t:|1685287886\n|switch|p2a: Wailord|Wailord, L90, F|452/452\n|move|p1a: Drifblim|Strength Sap|p2a: Wailord\n|-unboost|p2a: Wailord|atk|1\n|-heal|p1a: Drifblim|389/389 psn\n|\n|-damage|p1a: Drifblim|341/389 psn|[from] psn\n|upkeep\n|turn|12\n|\n|t:|1685287891\n|move|p1a: Drifblim|Thunderbolt|p2a: Wailord\n|-supereffective|p2a: Wailord\n|-damage|p2a: Wailord|114/452\n|move|p2a: Wailord|Ice Beam|p1a: Drifblim\n|-supereffective|p1a: Drifblim\n|-damage|p1a: Drifblim|185/389 psn\n|\n|-damage|p1a: Drifblim|137/389 psn|[from] psn\n|upkeep\n|turn|13\n|\n|t:|1685287894\n|move|p1a: Drifblim|Strength Sap|p2a: Wailord\n|-unboost|p2a: Wailord|atk|1\n|-heal|p1a: Drifblim|248/389 psn\n|move|p2a: Wailord|Ice Beam|p1a: Drifblim\n|-supereffective|p1a: Drifblim\n|-damage|p1a: Drifblim|88/389 psn\n|\n|-damage|p1a: Drifblim|40/389 psn|[from] psn\n|upkeep\n|turn|14\n|\n|t:|1685287900\n|move|p1a: Drifblim|Thunderbolt|p2a: Wailord\n|-supereffective|p2a: Wailord\n|-damage|p2a: Wailord|0 fnt\n|faint|p2a: Wailord\n|\n|-damage|p1a: Drifblim|0 fnt|[from] psn\n|faint|p1a: Drifblim\n|upkeep\n|\n|t:|1685287907\n|switch|p1a: Drapion|Drapion, L82, F|249/249\n|switch|p2a: Scolipede|Scolipede, L80, F|31/227\n|turn|15\n|\n|t:|1685287919\n|move|p2a: Scolipede|Earthquake|p1a: Drapion\n|-supereffective|p1a: Drapion\n|-damage|p1a: Drapion|106/249\n|-damage|p2a: Scolipede|9/227|[from] item: Life Orb\n|move|p1a: Drapion|Knock Off|p2a: Scolipede\n|-damage|p2a: Scolipede|0 fnt\n|-enditem|p2a: Scolipede|Life Orb|[from] move: Knock Off|[of] p1a: Drapion\n|faint|p2a: Scolipede\n|-damage|p1a: Drapion|82/249|[from] item: Life Orb\n|\n|upkeep\n|\n|t:|1685287923\n|switch|p2a: Mamoswine|Mamoswine, L80, F|307/307\n|turn|16\n|\n|t:|1685287926\n|move|p1a: Drapion|Earthquake|p2a: Mamoswine\n|-damage|p2a: Mamoswine|220/307\n|-damage|p1a: Drapion|58/249|[from] item: Life Orb\n|move|p2a: Mamoswine|Stealth Rock|p1a: Drapion\n|-sidestart|p1: ftmajato|move: Stealth Rock\n|\n|upkeep\n|turn|17\n|\n|t:|1685287929\n|move|p1a: Drapion|Knock Off|p2a: Mamoswine\n|-damage|p2a: Mamoswine|87/307\n|-enditem|p2a: Mamoswine|Life Orb|[from] move: Knock Off|[of] p1a: Drapion\n|-damage|p1a: Drapion|34/249|[from] item: Life Orb\n|move|p2a: Mamoswine|Earthquake|p1a: Drapion\n|-supereffective|p1a: Drapion\n|-crit|p1a: Drapion\n|-damage|p1a: Drapion|0 fnt\n|faint|p1a: Drapion\n|\n|upkeep\n|\n|t:|1685287933\n|switch|p1a: Leafeon|Leafeon, L86, F|137/252\n|-damage|p1a: Leafeon|106/252|[from] Stealth Rock\n|turn|18\n|\n|t:|1685287939\n|-start|p1a: Leafeon|Dynamax|\n|-heal|p1a: Leafeon|212/504|[silent]\n|move|p2a: Mamoswine|Ice Shard|p1a: Leafeon\n|-supereffective|p1a: Leafeon\n|-damage|p1a: Leafeon|134/504\n|move|p1a: Leafeon|Max Overgrowth|p2a: Mamoswine\n|-supereffective|p2a: Mamoswine\n|-damage|p2a: Mamoswine|0 fnt\n|-fieldstart|move: Grassy Terrain\n|faint|p2a: Mamoswine\n|-damage|p1a: Leafeon|109/504|[from] item: Life Orb\n|\n|-heal|p1a: Leafeon|124/504|[from] Grassy Terrain\n|upkeep\n|\n|t:|1685287945\n|switch|p2a: Pincurchin|Pincurchin, L88, M|228/228\n|-fieldstart|move: Electric Terrain|[from] ability: Electric Surge|[of] p2a: Pincurchin\n|turn|19\n|\n|t:|1685287955\n|move|p2a: Pincurchin|Sucker Punch|p1a: Leafeon\n|-damage|p1a: Leafeon|81/504\n|move|p1a: Leafeon|Max Overgrowth|p2a: Pincurchin\n|-damage|p2a: Pincurchin|40/228\n|-fieldstart|move: Grassy Terrain\n|-damage|p1a: Leafeon|56/504|[from] item: Life Orb\n|\n|-heal|p1a: Leafeon|71/504|[from] Grassy Terrain\n|-heal|p2a: Pincurchin|54/228|[from] Grassy Terrain\n|upkeep\n|turn|20\n|\n|t:|1685287958\n|move|p2a: Pincurchin|Sucker Punch|p1a: Leafeon\n|-damage|p1a: Leafeon|30/504\n|move|p1a: Leafeon|Max Overgrowth|p2a: Pincurchin\n|-damage|p2a: Pincurchin|0 fnt\n|faint|p2a: Pincurchin\n|-damage|p1a: Leafeon|5/504|[from] item: Life Orb\n|\n|-heal|p1a: Leafeon|20/504|[from] Grassy Terrain\n|upkeep\n|\n|t:|1685287960\n|switch|p2a: Noivern|Noivern, L82, M|274/274\n|-end|p1a: Leafeon|Dynamax\n|-heal|p1a: Leafeon|10/252|[silent]\n|turn|21\n|\n|t:|1685287967\n|-start|p2a: Noivern|Dynamax|\n|-heal|p2a: Noivern|548/548|[silent]\n|move|p2a: Noivern|Max Airstream|p1a: Leafeon\n|-supereffective|p1a: Leafeon\n|-damage|p1a: Leafeon|0 fnt\n|-boost|p2a: Noivern|spe|1\n|faint|p1a: Leafeon\n|\n|upkeep\n|\n|t:|1685287969\n|switch|p1a: Regirock|Regirock, L85|275/275\n|-damage|p1a: Regirock|241/275|[from] Stealth Rock\n|turn|22\n|\n|t:|1685287992\n|move|p2a: Noivern|Max Wyrmwind|p1a: Regirock\n|-damage|p1a: Regirock|124/275\n|-unboost|p1a: Regirock|atk|1\n|move|p1a: Regirock|Rock Slide|p2a: Noivern\n|-supereffective|p2a: Noivern\n|-damage|p2a: Noivern|366/548\n|\n|-heal|p1a: Regirock|141/275|[from] Grassy Terrain\n|upkeep\n|turn|23\n|\n|t:|1685288002\n|move|p2a: Noivern|Max Wyrmwind|p1a: Regirock\n|-damage|p1a: Regirock|23/275\n|-unboost|p1a: Regirock|atk|1\n|move|p1a: Regirock|Rock Slide|p2a: Noivern\n|-supereffective|p2a: Noivern\n|-damage|p2a: Noivern|216/548\n|\n|-heal|p1a: Regirock|40/275|[from] Grassy Terrain\n|-fieldend|move: Grassy Terrain\n|upkeep\n|-end|p2a: Noivern|Dynamax\n|-heal|p2a: Noivern|108/274|[silent]\n|turn|24\n|\n|t:|1685288007\n|move|p2a: Noivern|Hurricane|p1a: Regirock\n|-resisted|p1a: Regirock\n|-damage|p1a: Regirock|0 fnt\n|faint|p1a: Regirock\n|\n|win|HarleyVaxxe7117\n|raw|ftmajato's rating: 1205 &rarr; <strong>1179</strong><br />(-26 for losing)\n|raw|HarleyVaxxe7117's rating: 1196 &rarr; <strong>1222</strong><br />(+26 for winning)\n", "inputlog": ">version d74822bbc74c095aa312053f7034baee3068d99e\n>start {\"formatid\":\"gen8randombattle\",\"seed\":[43011,28591,25672,15782],\"rated\":\"Rated battle\"}\n>player p1 {\"name\":\"ftmajato\",\"avatar\":\"lance\",\"rating\":1205,\"seed\":[60488,56625,38031,6889]}\n>player p2 {\"name\":\"HarleyVaxxe7117\",\"avatar\":\"170\",\"rating\":1161,\"seed\":[34437,24564,55343,19773]}\n>p1 switch 3\n>p2 move zenheadbutt\n>p1 move xscissor\n>p2 switch 3\n>p1 switch 3\n>p2 move swordsdance\n>p1 move sleeppowder\n>p2 move poisonjab\n>p1 switch 5\n>p1 move swordsdance\n>p2 move earthquake\n>p1 switch 6\n>p1 move calmmind\n>p2 move poisonjab\n>p1 move strengthsap\n>p2 move poisonjab\n>p1 move calmmind\n>p2 move poisonjab\n>p1 move strengthsap\n>p2 move poisonjab\n>p1 move strengthsap\n>p2 move poisonjab\n>p1 move strengthsap\n>p2 switch 2\n>p1 move thunderbolt\n>p2 move icebeam\n>p1 move strengthsap\n>p2 move icebeam\n>p1 move thunderbolt\n>p2 move icebeam\n>p1 switch 2\n>p2 switch 2\n>p1 move knockoff\n>p2 move earthquake\n>p2 switch 4\n>p1 move earthquake\n>p2 move stealthrock\n>p1 move knockoff\n>p2 move earthquake\n>p1 switch 3\n>p1 move leafblade dynamax\n>p2 move iceshard\n>p2 switch 6\n>p1 move leafblade dynamax\n>p2 move suckerpunch\n>p1 move leafblade dynamax\n>p2 move suckerpunch\n>p2 switch 5\n>p1 move xscissor\n>p2 move hurricane dynamax\n>p1 switch 4\n>p1 move rockslide\n>p2 move dracometeor dynamax\n>p1 move rockslide\n>p2 move dracometeor dynamax\n>p1 move rockslide\n>p2 move hurricane", "uploadtime": 1685288011, "views": 4, "p1id": "ftmajato", "p2id": "harleyvaxxe7117", "formatid": "gen8randombattle", "rating": 1179, "private": 0, "password": ""}