|j|☆nutskid
|j|☆fluffernutterboy23
|t:|1685561181
|gametype|singles
|player|p1|nutskid|veteran|
|player|p2|fluffernutterboy23|swimmer-gen4|
|teamsize|p1|6
|teamsize|p2|6
|gen|8
|tier|[Gen 8] Random Battle
|rule|Species Clause: Limit one of each Pokémon
|rule|HP Percentage Mod: HP is shown in percentages
|rule|Sleep Clause Mod: Limit one foe put to sleep
|
|t:|1685561181
|start
|switch|p1a: Pheromosa|Pheromosa, L75|230/230
|switch|p2a: Froslass|Froslass, L84, F|255/255
|turn|1
|c|☆fluffernutterboy23|q3 q3 q3 q3 q3 q3 q3 q3 q3 q3 q3 q3
|
|t:|1685561268
|switch|p1a: Stakataka|Stakataka, L80|229/229
|-item|p1a: Stakataka|Air Balloon
|move|p2a: Froslass|Poltergeist|p1a: Stakataka|[miss]
|-miss|p2a: Froslass|p1a: Stakataka
|
|upkeep
|turn|2
|
|t:|1685561328
|switch|p2a: Audino|Audino, L91, M|335/335
|move|p1a: Stakataka|Gyro Ball|p2a: Audino
|-damage|p2a: Audino|164/335
|
|-heal|p2a: Audino|184/335|[from] item: Leftovers
|upkeep
|turn|3
|
|t:|1685561339
|move|p2a: Audino|Protect|p2a: Audino
|-singleturn|p2a: Audino|Protect
|move|p1a: Stakataka|Gyro Ball|p2a: Audino
|-activate|p2a: Audino|move: Protect
|
|-heal|p2a: Audino|204/335|[from] item: Leftovers
|upkeep
|turn|4
|
|t:|1685561354
|move|p2a: Audino|Knock Off|p1a: Stakataka
|-damage|p1a: Stakataka|199/229
|-enditem|p1a: Stakataka|Air Balloon
|move|p1a: Stakataka|Earthquake|p2a: Audino
|-crit|p2a: Audino
|-damage|p2a: Audino|91/335
|
|-heal|p2a: Audino|111/335|[from] item: Leftovers
|upkeep
|turn|5
|
|t:|1685561362
|move|p2a: Audino|Wish|p2a: Audino
|move|p1a: Stakataka|Gyro Ball|p2a: Audino
|-damage|p2a: Audino|0 fnt
|faint|p2a: Audino
|-ability|p1a: Stakataka|Beast Boost|boost
|-boost|p1a: Stakataka|def|1
|
|upkeep
|
|t:|1685561375
|switch|p2a: Wobbuffet|Wobbuffet, L92, F|499/499
|turn|6
|
|t:|1685561385
|move|p1a: Stakataka|Gyro Ball|p2a: Wobbuffet
|-damage|p2a: Wobbuffet|322/499
|move|p2a: Wobbuffet|Mirror Coat||[still]
|-fail|p2a: Wobbuffet
|
|-heal|p2a: Wobbuffet|489/499|[from] move: Wish|[wisher] Audino
|upkeep
|turn|7
|
|t:|1685561394
|move|p1a: Stakataka|Stealth Rock|p2a: Wobbuffet
|-sidestart|p2: fluffernutterboy23|move: Stealth Rock
|move|p2a: Wobbuffet|Mirror Coat||[still]
|-fail|p2a: Wobbuffet
|
|upkeep
|turn|8
|
|t:|1685561402
|move|p2a: Wobbuffet|Charm|p1a: Stakataka
|-unboost|p1a: Stakataka|atk|2
|move|p1a: Stakataka|Stone Edge|p2a: Wobbuffet
|-crit|p2a: Wobbuffet
|-damage|p2a: Wobbuffet|276/499
|
|upkeep
|turn|9
|
|t:|1685561409
|-start|p1a: Stakataka|Dynamax|
|-heal|p1a: Stakataka|398/458|[silent]
|move|p1a: Stakataka|Max Steelspike|p2a: Wobbuffet
|-damage|p2a: Wobbuffet|176/499
|-boost|p1a: Stakataka|def|1
|-enditem|p2a: Wobbuffet|Sitrus Berry|[eat]
|-heal|p2a: Wobbuffet|300/499|[from] item: Sitrus Berry
|move|p2a: Wobbuffet|Mirror Coat||[still]
|-fail|p2a: Wobbuffet
|
|upkeep
|turn|10
|
|t:|1685561422
|move|p2a: Wobbuffet|Charm|p1a: Stakataka
|-unboost|p1a: Stakataka|atk|2
|move|p1a: Stakataka|Max Quake|p2a: Wobbuffet
|-damage|p2a: Wobbuffet|256/499
|-boost|p1a: Stakataka|spd|1
|
|upkeep
|turn|11
|
|t:|1685561436
|move|p1a: Stakataka|Max Rockfall|p2a: Wobbuffet
|-damage|p2a: Wobbuffet|192/499
|-weather|Sandstorm
|move|p2a: Wobbuffet|Counter|p1a: Stakataka
|-damage|p1a: Stakataka|270/458
|
|-weather|Sandstorm|[upkeep]
|-damage|p2a: Wobbuffet|161/499|[from] Sandstorm
|upkeep
|-end|p1a: Stakataka|Dynamax
|-heal|p1a: Stakataka|135/229|[silent]
|turn|12
|
|t:|1685561449
|move|p1a: Stakataka|Stone Edge|p2a: Wobbuffet|[miss]
|-miss|p1a: Stakataka|p2a: Wobbuffet
|move|p2a: Wobbuffet|Mirror Coat||[still]
|-fail|p2a: Wobbuffet
|
|-weather|Sandstorm|[upkeep]
|-damage|p2a: Wobbuffet|130/499|[from] Sandstorm
|upkeep
|turn|13
|
|t:|1685561456
|move|p2a: Wobbuffet|Charm|p1a: Stakataka
|-unboost|p1a: Stakataka|atk|2
|move|p1a: Stakataka|Stone Edge|p2a: Wobbuffet
|-damage|p2a: Wobbuffet|87/499
|
|-weather|Sandstorm|[upkeep]
|-damage|p2a: Wobbuffet|56/499|[from] Sandstorm
|upkeep
|turn|14
|
|t:|1685561465
|move|p1a: Stakataka|Stone Edge|p2a: Wobbuffet
|-damage|p2a: Wobbuffet|13/499
|move|p2a: Wobbuffet|Counter|p1a: Stakataka
|-damage|p1a: Stakataka|49/229
|
|-weather|Sandstorm|[upkeep]
|-damage|p2a: Wobbuffet|0 fnt|[from] Sandstorm
|faint|p2a: Wobbuffet
|upkeep
|
|t:|1685561477
|switch|p2a: Pyukumuku|Pyukumuku, L84, M|230/230
|-damage|p2a: Pyukumuku|202/230|[from] Stealth Rock
|turn|15
|
|t:|1685561488
|switch|p1a: Tsareena|Tsareena, L84, F|258/258
|move|p2a: Pyukumuku|Toxic|p1a: Tsareena
|-status|p1a: Tsareena|tox
|
|-weather|none
|-heal|p2a: Pyukumuku|216/230|[from] item: Leftovers
|-damage|p1a: Tsareena|242/258 tox|[from] psn
|upkeep
|turn|16
|
|t:|1685561498
|move|p1a: Tsareena|Power Whip|p2a: Pyukumuku
|-supereffective|p2a: Pyukumuku
|-crit|p2a: Pyukumuku
|-damage|p2a: Pyukumuku|0 fnt
|faint|p2a: Pyukumuku
|-damage|p1a: Tsareena|217/258 tox|[from] item: Life Orb
|
|-damage|p1a: Tsareena|185/258 tox|[from] psn
|upkeep
|
|t:|1685561507
|switch|p2a: Dragalge|Dragalge, L86, F|252/252
|-damage|p2a: Dragalge|221/252|[from] Stealth Rock
|turn|17
|
|t:|1685561514
|move|p1a: Tsareena|Knock Off|p2a: Dragalge
|-damage|p2a: Dragalge|125/252
|-enditem|p2a: Dragalge|Choice Specs|[from] move: Knock Off|[of] p1a: Tsareena
|-damage|p1a: Tsareena|160/258 tox|[from] item: Life Orb
|move|p2a: Dragalge|Sludge Wave|p1a: Tsareena
|-supereffective|p1a: Tsareena
|-damage|p1a: Tsareena|0 fnt
|faint|p1a: Tsareena
|
|upkeep
|
|t:|1685561526
|switch|p1a: Kabutops|Kabutops, L82, M|233/233
|turn|18
|
|t:|1685561548
|move|p1a: Kabutops|Aqua Jet|p2a: Dragalge
|-resisted|p2a: Dragalge
|-damage|p2a: Dragalge|98/252
|-damage|p1a: Kabutops|210/233|[from] item: Life Orb
|move|p2a: Dragalge|Focus Blast|p1a: Kabutops
|-supereffective|p1a: Kabutops
|-damage|p1a: Kabutops|0 fnt
|faint|p1a: Kabutops
|
|upkeep
|
|t:|1685561557
|switch|p1a: Stakataka|Stakataka, L80|49/229
|turn|19
|
|t:|1685561563
|move|p2a: Dragalge|Focus Blast|p1a: Stakataka
|-supereffective|p1a: Stakataka
|-damage|p1a: Stakataka|0 fnt
|faint|p1a: Stakataka
|
|upkeep
|
|t:|1685561568
|switch|p1a: Pheromosa|Pheromosa, L75|230/230
|turn|20
|
|t:|1685561583
|switch|p2a: Flareon|Flareon, L86, F|251/251
|-damage|p2a: Flareon|189/251|[from] Stealth Rock
|move|p1a: Pheromosa|Ice Beam|p2a: Flareon
|-resisted|p2a: Flareon
|-damage|p2a: Flareon|163/251
|
|-status|p2a: Flareon|tox|[from] item: Toxic Orb
|upkeep
|turn|21
|
|t:|1685561604
|switch|p1a: Dracozolt|Dracozolt, L78|268/268
|move|p2a: Flareon|Flame Charge|p1a: Dracozolt
|-resisted|p1a: Dracozolt
|-damage|p1a: Dracozolt|210/268
|-boost|p2a: Flareon|spe|1
|
|-damage|p2a: Flareon|148/251 tox|[from] psn
|upkeep
|turn|22
|
|t:|1685561614
|move|p1a: Dracozolt|Low Kick|p2a: Flareon|[miss]
|-miss|p1a: Dracozolt|p2a: Flareon
|move|p2a: Flareon|Superpower|p1a: Dracozolt
|-damage|p1a: Dracozolt|31/268
|-unboost|p2a: Flareon|atk|1
|-unboost|p2a: Flareon|def|1
|
|-damage|p2a: Flareon|118/251 tox|[from] psn
|upkeep
|turn|23
|
|t:|1685561627
|move|p1a: Dracozolt|Low Kick|p2a: Flareon|[miss]
|-miss|p1a: Dracozolt|p2a: Flareon
|move|p2a: Flareon|Flame Charge|p1a: Dracozolt
|-resisted|p1a: Dracozolt
|-damage|p1a: Dracozolt|0 fnt
|-boost|p2a: Flareon|spe|1
|faint|p1a: Dracozolt
|
|-damage|p2a: Flareon|73/251 tox|[from] psn
|upkeep
|
|t:|1685561636
|switch|p1a: Virizion|Virizion, L82|283/283
|turn|24
|
|t:|1685561653
|move|p2a: Flareon|Flare Blitz|p1a: Virizion
|-supereffective|p1a: Virizion
|-damage|p1a: Virizion|0 fnt
|faint|p1a: Virizion
|-damage|p2a: Flareon|0 fnt|[from] Recoil
|faint|p2a: Flareon
|
|upkeep
|
|t:|1685561663
|switch|p1a: Pheromosa|Pheromosa, L75|230/230
|switch|p2a: Dragalge|Dragalge, L86, F|98/252
|-damage|p2a: Dragalge|67/252|[from] Stealth Rock
|turn|25
|
|t:|1685561671
|move|p1a: Pheromosa|Close Combat|p2a: Dragalge
|-resisted|p2a: Dragalge
|-damage|p2a: Dragalge|0 fnt
|-unboost|p1a: Pheromosa|def|1
|-unboost|p1a: Pheromosa|spd|1
|faint|p2a: Dragalge
|-ability|p1a: Pheromosa|Beast Boost|boost
|-boost|p1a: Pheromosa|spe|1
|
|upkeep
|
|t:|1685561679
|switch|p2a: Froslass|Froslass, L84, F|255/255
|-damage|p2a: Froslass|192/255|[from] Stealth Rock
|turn|26
|
|t:|1685561691
|-start|p2a: Froslass|Dynamax|
|-heal|p2a: Froslass|384/510|[silent]
|move|p1a: Pheromosa|Close Combat|p2a: Froslass
|-immune|p2a: Froslass
|move|p2a: Froslass|Max Hailstorm|p1a: Pheromosa
|-enditem|p1a: Pheromosa|Focus Sash
|-damage|p1a: Pheromosa|1/230
|-weather|Hail
|
|-weather|Hail|[upkeep]
|-damage|p1a: Pheromosa|0 fnt|[from] Hail
|faint|p1a: Pheromosa
|
|win|fluffernutterboy23
|upkeep
