{"id": "gen8randombattle-1871584972", "p1": "bug hunter 2", "p2": "gareeb adani", "format": "[Gen 8] Random Battle", "log": "|j|\u2606bug hunter 2\n|j|\u2606gareeb adani\n|t:|1685109674\n|gametype|singles\n|player|p1|bug hunter 2|ballguy|1518\n|player|p2|gareeb adani|101|1482\n|teamsize|p1|6\n|teamsize|p2|6\n|gen|8\n|tier|[Gen 8] Random Battle\n|rated|\n|rule|Species Clause: Limit one of each Pok\u00e9mon\n|rule|HP Percentage Mod: HP is shown in percentages\n|rule|Sleep Clause Mod: Limit one foe put to sleep\n|\n|t:|1685109674\n|start\n|switch|p1a: Zapdos|Zapdos, L78|268/268\n|switch|p2a: Bellossom|Bellossom, L82, M|257/257\n|turn|1\n|c|\u2606bug hunter 2|glhf\n|inactive|Battle timer is ON: inactive players will automatically lose when time's up. (requested by gareeb adani)\n|\n|t:|1685109703\n|move|p1a: Zapdos|U-turn|p2a: Bellossom\n|-supereffective|p2a: Bellossom\n|-crit|p2a: Bellossom\n|-damage|p2a: Bellossom|131/257\n|\n|t:|1685109712\n|switch|p1a: Pinsir|Pinsir, L84, F|246/246|[from] U-turn\n|-ability|p1a: Pinsir|Mold Breaker\n|move|p2a: Bellossom|Quiver Dance|p2a: Bellossom\n|-boost|p2a: Bellossom|spa|1\n|-boost|p2a: Bellossom|spd|1\n|-boost|p2a: Bellossom|spe|1\n|\n|-heal|p2a: Bellossom|147/257|[from] item: Leftovers\n|upkeep\n|turn|2\n|\n|t:|1685109718\n|move|p2a: Bellossom|Strength Sap|p1a: Pinsir\n|-unboost|p1a: Pinsir|atk|1\n|-heal|p2a: Bellossom|257/257\n|move|p1a: Pinsir|X-Scissor|p2a: Bellossom\n|-supereffective|p2a: Bellossom\n|-damage|p2a: Bellossom|125/257\n|\n|-heal|p2a: Bellossom|141/257|[from] item: Leftovers\n|upkeep\n|turn|3\n|\n|t:|1685109721\n|move|p2a: Bellossom|Strength Sap|p1a: Pinsir\n|-unboost|p1a: Pinsir|atk|1\n|-heal|p2a: Bellossom|257/257\n|move|p1a: Pinsir|X-Scissor|p2a: Bellossom\n|-supereffective|p2a: Bellossom\n|-damage|p2a: Bellossom|161/257\n|\n|-heal|p2a: Bellossom|177/257|[from] item: Leftovers\n|upkeep\n|turn|4\n|\n|t:|1685109731\n|move|p2a: Bellossom|Quiver Dance|p2a: Bellossom\n|-boost|p2a: Bellossom|spa|1\n|-boost|p2a: Bellossom|spd|1\n|-boost|p2a: Bellossom|spe|1\n|move|p1a: Pinsir|Knock Off|p2a: Bellossom\n|-damage|p2a: Bellossom|135/257\n|-enditem|p2a: Bellossom|Leftovers|[from] move: Knock Off|[of] p1a: Pinsir\n|\n|upkeep\n|turn|5\n|\n|t:|1685109736\n|move|p2a: Bellossom|Strength Sap|p1a: Pinsir\n|-unboost|p1a: Pinsir|atk|1\n|-heal|p2a: Bellossom|257/257\n|move|p1a: Pinsir|X-Scissor|p2a: Bellossom\n|-supereffective|p2a: Bellossom\n|-damage|p2a: Bellossom|179/257\n|\n|upkeep\n|turn|6\n|\n|t:|1685109738\n|move|p2a: Bellossom|Moonblast|p1a: Pinsir\n|-damage|p1a: Pinsir|106/246\n|move|p1a: Pinsir|X-Scissor|p2a: Bellossom\n|-supereffective|p2a: Bellossom\n|-damage|p2a: Bellossom|99/257\n|\n|upkeep\n|turn|7\n|\n|t:|1685109751\n|move|p2a: Bellossom|Strength Sap|p1a: Pinsir\n|-unboost|p1a: Pinsir|atk|1\n|-heal|p2a: Bellossom|202/257\n|move|p1a: Pinsir|X-Scissor|p2a: Bellossom\n|-supereffective|p2a: Bellossom\n|-damage|p2a: Bellossom|130/257\n|\n|upkeep\n|turn|8\n|\n|t:|1685109756\n|move|p2a: Bellossom|Moonblast|p1a: Pinsir\n|-damage|p1a: Pinsir|0 fnt\n|faint|p1a: Pinsir\n|\n|upkeep\n|\n|t:|1685109760\n|switch|p1a: Scyther|Scyther, L81, M|246/246\n|turn|9\n|\n|t:|1685109768\n|move|p2a: Bellossom|Strength Sap|p1a: Scyther\n|-unboost|p1a: Scyther|atk|1\n|-heal|p2a: Bellossom|257/257\n|move|p1a: Scyther|Dual Wingbeat|p2a: Bellossom\n|-supereffective|p2a: Bellossom\n|-crit|p2a: Bellossom\n|-damage|p2a: Bellossom|69/257\n|-supereffective|p2a: Bellossom\n|-damage|p2a: Bellossom|0 fnt\n|faint|p2a: Bellossom\n|-hitcount|p2: Bellossom|2\n|\n|upkeep\n|\n|t:|1685109773\n|switch|p2a: Jolteon|Jolteon, L82, M|241/241\n|turn|10\n|\n|t:|1685109786\n|move|p2a: Jolteon|Thunderbolt|p1a: Scyther\n|-supereffective|p1a: Scyther\n|-damage|p1a: Scyther|0 fnt\n|faint|p1a: Scyther\n|\n|upkeep\n|\n|t:|1685109801\n|switch|p1a: Zapdos|Zapdos, L78|268/268\n|turn|11\n|\n|t:|1685109814\n|move|p2a: Jolteon|Thunderbolt|p1a: Zapdos\n|-damage|p1a: Zapdos|109/268\n|move|p1a: Zapdos|U-turn|p2a: Jolteon\n|-damage|p2a: Jolteon|187/241\n|\n|t:|1685109816\n|switch|p1a: Slurpuff|Slurpuff, L80, M|262/262|[from] U-turn\n|\n|upkeep\n|turn|12\n|\n|t:|1685109820\n|move|p2a: Jolteon|Thunderbolt|p1a: Slurpuff\n|-damage|p1a: Slurpuff|94/262\n|-enditem|p1a: Slurpuff|Sitrus Berry|[eat]\n|-heal|p1a: Slurpuff|159/262|[from] item: Sitrus Berry\n|move|p1a: Slurpuff|Belly Drum|p1a: Slurpuff\n|-damage|p1a: Slurpuff|28/262\n|-setboost|p1a: Slurpuff|atk|6|[from] move: Belly Drum\n|\n|upkeep\n|turn|13\n|\n|t:|1685109828\n|switch|p2a: Drifblim|Drifblim, L84, F|389/389\n|move|p1a: Slurpuff|Drain Punch|p2a: Drifblim\n|-immune|p2a: Drifblim\n|\n|upkeep\n|turn|14\n|inactive|gareeb adani has 120 seconds left.\n|\n|t:|1685109876\n|move|p1a: Slurpuff|Play Rough|p2a: Drifblim\n|-damage|p2a: Drifblim|0 fnt\n|faint|p2a: Drifblim\n|\n|upkeep\n|\n|t:|1685109880\n|switch|p2a: Marowak|Marowak-Alola, L84, F|238/238\n|turn|15\n|\n|t:|1685109888\n|move|p1a: Slurpuff|Play Rough|p2a: Marowak\n|-resisted|p2a: Marowak\n|-damage|p2a: Marowak|103/238\n|-unboost|p2a: Marowak|atk|1\n|move|p2a: Marowak|Flame Charge|p1a: Slurpuff\n|-damage|p1a: Slurpuff|0 fnt\n|-boost|p2a: Marowak|spe|1\n|faint|p1a: Slurpuff\n|\n|upkeep\n|\n|t:|1685109918\n|switch|p1a: Palkia|Palkia, L74|255/255\n|-ability|p1a: Palkia|Pressure\n|turn|16\n|inactive|gareeb adani has 120 seconds left.\n|\n|t:|1685109938\n|move|p1a: Palkia|Hydro Pump|p2a: Marowak\n|-supereffective|p2a: Marowak\n|-damage|p2a: Marowak|0 fnt\n|faint|p2a: Marowak\n|\n|upkeep\n|\n|t:|1685109941\n|switch|p2a: Jolteon|Jolteon, L82, M|187/241\n|turn|17\n|\n|t:|1685109948\n|-start|p1a: Palkia|Dynamax|\n|-heal|p1a: Palkia|510/510|[silent]\n|move|p2a: Jolteon|Thunderbolt|p1a: Palkia\n|-damage|p1a: Palkia|368/510\n|move|p1a: Palkia|Max Geyser|p2a: Jolteon\n|-damage|p2a: Jolteon|1/241\n|-weather|RainDance\n|\n|-weather|RainDance|[upkeep]\n|upkeep\n|turn|18\n|\n|t:|1685109952\n|move|p2a: Jolteon|Thunderbolt|p1a: Palkia\n|-damage|p1a: Palkia|235/510\n|move|p1a: Palkia|Max Wyrmwind|p2a: Jolteon\n|-damage|p2a: Jolteon|0 fnt\n|faint|p2a: Jolteon\n|\n|-weather|RainDance|[upkeep]\n|upkeep\n|\n|t:|1685109962\n|switch|p2a: Magearna|Magearna-Original, L76|247/247\n|turn|19\n|\n|t:|1685109965\n|move|p1a: Palkia|Max Geyser|p2a: Magearna\n|-damage|p2a: Magearna|3/247\n|move|p2a: Magearna|Agility|p2a: Magearna\n|-boost|p2a: Magearna|spe|2\n|\n|-weather|RainDance|[upkeep]\n|-heal|p2a: Magearna|18/247|[from] item: Leftovers\n|upkeep\n|-end|p1a: Palkia|Dynamax\n|-heal|p1a: Palkia|118/255|[silent]\n|turn|20\n|-message|bug hunter 2 forfeited.\n|\n|win|gareeb adani\n|raw|bug hunter 2's rating: 1518 &rarr; <strong>1498</strong><br />(-20 for losing)\n|raw|gareeb adani's rating: 1512 &rarr; <strong>1532</strong><br />(+20 for winning)\n|l|\u2606bug hunter 2\n", "inputlog": ">version 61c68e60481ef09071210320730fc448fef50368\n>start {\"formatid\":\"gen8randombattle\",\"seed\":[51694,64849,11196,60442],\"rated\":\"Rated battle\"}\n>player p1 {\"name\":\"bug hunter 2\",\"avatar\":\"ballguy\",\"rating\":1518,\"seed\":[58603,11021,24867,14929]}\n>player p2 {\"name\":\"gareeb adani\",\"avatar\":\"101\",\"rating\":1482,\"seed\":[57854,54373,39748,22739]}\n>chat \u2606bug hunter 2|glhf\n>p1 move uturn\n>p2 move quiverdance\n>p1 switch 5\n>p1 move xscissor\n>p2 move strengthsap\n>p1 move xscissor\n>p2 move strengthsap\n>p1 move knockoff\n>p2 move quiverdance\n>p1 move xscissor\n>p2 move strengthsap\n>p1 move xscissor\n>p2 move moonblast\n>p1 move xscissor\n>p2 move strengthsap\n>p1 move stealthrock\n>p2 move moonblast\n>p1 switch 4\n>p1 move dualwingbeat\n>p2 move strengthsap\n>p2 switch 6\n>p1 move uturn\n>p2 move thunderbolt\n>p1 switch 5\n>p1 move uturn\n>p2 move thunderbolt\n>p1 switch 2\n>p1 move bellydrum\n>p2 move thunderbolt\n>p1 move drainpunch\n>p2 switch 4\n>p1 move playrough\n>p2 move shadowball\n>p2 switch 5\n>p1 move playrough\n>p2 move flamecharge\n>p1 switch 3\n>p1 move hydropump\n>p2 move poltergeist\n>p2 switch 4\n>p1 move hydropump dynamax\n>p2 move thunderbolt\n>p1 move dracometeor dynamax\n>p2 move thunderbolt\n>p2 switch 2\n>p1 move hydropump dynamax\n>p2 move agility\n>forcelose p1", "uploadtime": 1685109975, "views": 5, "p1id": "bughunter2", "p2id": "gareebadani", "formatid": "gen8randombattle", "rating": 1498, "private": 0, "password": ""}