|inactive|Battle timer is ON: inactive players will automatically lose when time's up.
|j|☆Renjaru
|j|☆Lrogue ❀
|t:|1684292803
|gametype|singles
|player|p1|Renjaru|silver|
|player|p2|Lrogue ❀|zinnia|
|teamsize|p1|6
|teamsize|p2|6
|gen|8
|tier|[Gen 8] Random Battle
|rated|Tournament battle
|rule|Species Clause: Limit one of each Pokémon
|rule|HP Percentage Mod: HP is shown in percentages
|rule|Sleep Clause Mod: Limit one foe put to sleep
|rule|Blitz: Super-fast timer
|
|t:|1684292803
|start
|switch|p1a: Virizion|Virizion, L82|283/283
|switch|p2a: Gardevoir|Gardevoir, L82, M|246/246
|-ability|p2a: Gardevoir|Justified|[from] ability: Trace|[of] p1a: Virizion
|turn|1
|c|☆Lrogue ❀|Bruu moment
|inactive|Renjaru has 30 seconds left.
|inactive|Lrogue ❀ has 30 seconds left.
|
|t:|1684292820
|switch|p1a: Azumarill|Azumarill, L84, M|305/305
|move|p2a: Gardevoir|Substitute|p2a: Gardevoir
|-start|p2a: Gardevoir|Substitute
|-damage|p2a: Gardevoir|185/246
|
|-heal|p2a: Gardevoir|200/246|[from] item: Leftovers
|upkeep
|turn|2
|
|t:|1684292823
|move|p2a: Gardevoir|Moonblast|p1a: Azumarill
|-damage|p1a: Azumarill|182/305
|-unboost|p1a: Azumarill|spa|1
|move|p1a: Azumarill|Liquidation|p2a: Gardevoir
|-end|p2a: Gardevoir|Substitute
|
|-heal|p2a: Gardevoir|215/246|[from] item: Leftovers
|upkeep
|turn|3
|inactive|Lrogue ❀ has 10 seconds left.
|
|t:|1684292828
|move|p2a: Gardevoir|Moonblast|p1a: Azumarill
|-damage|p1a: Azumarill|52/305
|-unboost|p1a: Azumarill|spa|1
|move|p1a: Azumarill|Liquidation|p2a: Gardevoir
|-damage|p2a: Gardevoir|0 fnt
|faint|p2a: Gardevoir
|
|upkeep
|inactive|Lrogue ❀ has 10 seconds left.
|
|t:|1684292833
|switch|p2a: Archeops|Archeops, L82, F|257/257
|turn|4
|inactive|Renjaru has 10 seconds left.
|
|t:|1684292839
|move|p2a: Archeops|Earthquake|p1a: Azumarill
|-damage|p1a: Azumarill|0 fnt
|faint|p1a: Azumarill
|
|upkeep
|
|t:|1684292840
|switch|p1a: Raichu|Raichu, L86, M|243/243
|turn|5
|
|t:|1684292843
|switch|p2a: Landorus|Landorus-Therian, L72, M|247/247
|-ability|p2a: Landorus|Intimidate|boost
|-unboost|p1a: Raichu|atk|1
|move|p1a: Raichu|Thunderbolt|p2a: Landorus
|-immune|p2a: Landorus
|
|upkeep
|turn|6
|
|t:|1684292848
|switch|p1a: Hitmonchan|Hitmonchan, L86, M|226/226
|move|p2a: Landorus|Fly||[still]
|-prepare|p2a: Landorus|Fly
|
|upkeep
|turn|7
|j| Teres bahji
|inactive|Renjaru has 10 seconds left.
|
|t:|1684292853
|switch|p1a: Zekrom|Zekrom, L69|252/252
|-ability|p1a: Zekrom|Teravolt
|move|p2a: Landorus|Fly|p1a: Zekrom|[from]lockedmove
|-resisted|p1a: Zekrom
|-damage|p1a: Zekrom|190/252
|-damage|p2a: Landorus|223/247|[from] item: Life Orb
|
|upkeep
|turn|8
|inactive|Lrogue ❀ has 10 seconds left.
|
|t:|1684292861
|switch|p1a: Hitmonchan|Hitmonchan, L86, M|226/226
|move|p2a: Landorus|Earthquake|p1a: Hitmonchan
|-damage|p1a: Hitmonchan|66/226
|-damage|p2a: Landorus|199/247|[from] item: Life Orb
|
|upkeep
|turn|9
|
|t:|1684292864
|switch|p2a: Sableye|Sableye, L88, M|231/231
|move|p1a: Hitmonchan|Drain Punch|p2a: Sableye
|-immune|p2a: Sableye
|
|upkeep
|turn|10
|inactive|Renjaru has 10 seconds left.
|
|t:|1684292871
|move|p1a: Hitmonchan|Throat Chop|p2a: Sableye
|-damage|p2a: Sableye|135/231
|-start|p2a: Sableye|Throat Chop|[silent]
|-damage|p1a: Hitmonchan|44/226|[from] item: Life Orb
|move|p2a: Sableye|Knock Off|p1a: Hitmonchan
|-resisted|p1a: Hitmonchan
|-damage|p1a: Hitmonchan|0 fnt
|-enditem|p1a: Hitmonchan|Life Orb|[from] move: Knock Off|[of] p2a: Sableye
|faint|p1a: Hitmonchan
|
|-heal|p2a: Sableye|149/231|[from] item: Leftovers
|upkeep
|
|t:|1684292873
|switch|p1a: Raichu|Raichu, L86, M|243/243
|turn|11
|
|t:|1684292875
|move|p2a: Sableye|Toxic|p1a: Raichu
|-status|p1a: Raichu|tox
|move|p1a: Raichu|Nasty Plot|p1a: Raichu
|-boost|p1a: Raichu|spa|2
|
|-heal|p2a: Sableye|163/231|[from] item: Leftovers
|-damage|p1a: Raichu|228/243 tox|[from] psn
|-end|p2a: Sableye|Throat Chop|[silent]
|upkeep
|turn|12
|
|t:|1684292879
|move|p2a: Sableye|Recover|p2a: Sableye
|-heal|p2a: Sableye|231/231
|move|p1a: Raichu|Thunderbolt|p2a: Sableye
|-damage|p2a: Sableye|0 fnt
|faint|p2a: Sableye
|-damage|p1a: Raichu|204/243 tox|[from] item: Life Orb
|
|-damage|p1a: Raichu|174/243 tox|[from] psn
|upkeep
|inactive|Lrogue ❀ has 10 seconds left.
|
|t:|1684292885
|switch|p2a: Tyrantrum|Tyrantrum, L82, M|269/269
|turn|13
|
|t:|1684292889
|move|p1a: Raichu|Focus Blast|p2a: Tyrantrum
|-supereffective|p2a: Tyrantrum
|-crit|p2a: Tyrantrum
|-damage|p2a: Tyrantrum|0 fnt
|faint|p2a: Tyrantrum
|-damage|p1a: Raichu|150/243 tox|[from] item: Life Orb
|
|-damage|p1a: Raichu|105/243 tox|[from] psn
|upkeep
|
|t:|1684292893
|switch|p2a: Scolipede|Scolipede, L80, M|227/227
|turn|14
|
|t:|1684292896
|move|p1a: Raichu|Thunderbolt|p2a: Scolipede
|-damage|p2a: Scolipede|0 fnt
|faint|p2a: Scolipede
|-damage|p1a: Raichu|81/243 tox|[from] item: Life Orb
|
|-damage|p1a: Raichu|21/243 tox|[from] psn
|upkeep
|inactive|Lrogue ❀ has 10 seconds left.
|
|t:|1684292902
|switch|p2a: Landorus|Landorus-Therian, L72, M|199/247
|-ability|p2a: Landorus|Intimidate|boost
|-unboost|p1a: Raichu|atk|1
|turn|15
|
|t:|1684292903
|-start|p2a: Landorus|Dynamax|
|-heal|p2a: Landorus|398/494|[silent]
|move|p2a: Landorus|Max Guard|p2a: Landorus
|-singleturn|p2a: Landorus|Max Guard
|move|p1a: Raichu|Surf|p2a: Landorus
|-activate|p2a: Landorus|move: Max Guard
|
|-damage|p1a: Raichu|0 fnt|[from] psn
|faint|p1a: Raichu
|upkeep
|inactive|Renjaru has 10 seconds left.
|j| forsh
|c| forsh|oh shit
|
|t:|1684292912
|switch|p1a: Virizion|Virizion, L82|283/283
|turn|16
|c| forsh|2 goats
|
|t:|1684292915
|switch|p1a: Zekrom|Zekrom, L69|190/252
|-ability|p1a: Zekrom|Teravolt
|move|p2a: Landorus|Max Airstream|p1a: Zekrom
|-resisted|p1a: Zekrom
|-damage|p1a: Zekrom|111/252
|-boost|p2a: Landorus|spe|1
|-damage|p2a: Landorus|374/494|[from] item: Life Orb
|
|upkeep
|turn|17
|inactive|Renjaru has 10 seconds left.
|
|t:|1684292920
|move|p2a: Landorus|Max Quake|p1a: Zekrom
|-supereffective|p1a: Zekrom
|-damage|p1a: Zekrom|0 fnt
|-boost|p2a: Landorus|spd|1
|faint|p1a: Zekrom
|-damage|p2a: Landorus|350/494|[from] item: Life Orb
|
|upkeep
|
|t:|1684292921
|switch|p1a: Virizion|Virizion, L82|283/283
|-end|p2a: Landorus|Dynamax
|-heal|p2a: Landorus|175/247|[silent]
|turn|18
|inactive|Renjaru has 10 seconds left.
|
|t:|1684292929
|switch|p1a: Salazzle|Salazzle, L82, F|246/246
|move|p2a: Landorus|Swords Dance|p2a: Landorus
|-boost|p2a: Landorus|atk|2
|
|upkeep
|turn|19
|inactive|Renjaru has 10 seconds left.
|c|☆Renjaru|hm
|
|t:|1684292938
|move|p2a: Landorus|Earthquake|p1a: Salazzle
|-supereffective|p1a: Salazzle
|-damage|p1a: Salazzle|0 fnt
|faint|p1a: Salazzle
|-damage|p2a: Landorus|151/247|[from] item: Life Orb
|
|upkeep
|
|t:|1684292939
|switch|p1a: Virizion|Virizion, L82|283/283
|turn|20
|
|t:|1684292941
|move|p2a: Landorus|Fly||[still]
|-prepare|p2a: Landorus|Fly
|move|p1a: Virizion|Swords Dance|p1a: Virizion
|-boost|p1a: Virizion|atk|2
|
|upkeep
|turn|21
|inactive|Renjaru has 10 seconds left.
|
|t:|1684292948
|-start|p1a: Virizion|Dynamax|
|-heal|p1a: Virizion|566/566|[silent]
|move|p1a: Virizion|Max Guard|p1a: Virizion
|-singleturn|p1a: Virizion|Max Guard
|move|p2a: Landorus|Fly|p1a: Virizion|[from]lockedmove
|-activate|p1a: Virizion|move: Max Guard
|
|upkeep
|turn|22
|c| forsh|he said i dont need to dmax
|
|t:|1684292953
|move|p2a: Landorus|Fly||[still]
|-prepare|p2a: Landorus|Fly
|move|p1a: Virizion|Max Overgrowth|p2a: Landorus|[miss]
|-miss|p1a: Virizion|p2a: Landorus
|
|upkeep
|turn|23
|c|☆Renjaru|xf
|c|☆Renjaru|xd
|inactive|Renjaru has 10 seconds left.
|c|☆Renjaru|rip
|
|t:|1684292960
|move|p2a: Landorus|Fly|p1a: Virizion|[from]lockedmove
|-supereffective|p1a: Virizion
|-crit|p1a: Virizion
|-damage|p1a: Virizion|0 fnt
|faint|p1a: Virizion
|-damage|p2a: Landorus|127/247|[from] item: Life Orb
|
|win|Lrogue ❀
|n|☆Renjaru|renjaru
|n|☆Lrogue ❀|lrogue
|n| Teres bahji|teresbahji
|n| forsh|forsh
|l|☆Renjaru
|l| forsh
|l|☆Lrogue ❀
|j|☆Lrogue ❀
|player|p2|Lrogue ❀|zinnia
