|j|☆Sparna_of_Yomi
|j|☆Brownmamba201996
|t:|1685173436
|gametype|singles
|player|p1|Sparna_of_Yomi|blackbelt|1454
|player|p2|Brownmamba201996|266|1298
|teamsize|p1|6
|teamsize|p2|6
|gen|8
|tier|[Gen 8] Random Battle
|rated|
|rule|Species Clause: Limit one of each Pokémon
|rule|HP Percentage Mod: HP is shown in percentages
|rule|Sleep Clause Mod: Limit one foe put to sleep
|
|t:|1685173436
|start
|switch|p1a: Sirfetch’d|Sirfetch’d, L82, M|236/236
|switch|p2a: Meowstic|Meowstic, L84, M|262/262
|turn|1
|
|t:|1685173450
|move|p2a: Meowstic|Yawn|p1a: Sirfetch’d
|-start|p1a: Sirfetch’d|move: Yawn|[of] p2a: Meowstic
|move|p1a: Sirfetch’d|Knock Off|p2a: Meowstic
|-supereffective|p2a: Meowstic
|-damage|p2a: Meowstic|0 fnt
|-enditem|p2a: Meowstic|Light Clay|[from] move: Knock Off|[of] p1a: Sirfetch’d
|faint|p2a: Meowstic
|-damage|p1a: Sirfetch’d|213/236|[from] item: Life Orb
|
|upkeep
|
|t:|1685173456
|switch|p2a: Scolipede|Scolipede, L80, M|227/227
|turn|2
|
|t:|1685173476
|switch|p1a: Dubwool|Dubwool, L86, F|264/264
|move|p2a: Scolipede|Swords Dance|p2a: Scolipede
|-boost|p2a: Scolipede|atk|2
|
|-ability|p2a: Scolipede|Speed Boost|boost
|-boost|p2a: Scolipede|spe|1
|upkeep
|turn|3
|
|t:|1685173484
|move|p2a: Scolipede|Swords Dance|p2a: Scolipede
|-boost|p2a: Scolipede|atk|2
|move|p1a: Dubwool|Cotton Guard|p1a: Dubwool
|-boost|p1a: Dubwool|def|3
|
|-ability|p2a: Scolipede|Speed Boost|boost
|-boost|p2a: Scolipede|spe|1
|upkeep
|turn|4
|
|t:|1685173493
|move|p2a: Scolipede|Poison Jab|p1a: Dubwool
|-damage|p1a: Dubwool|159/264
|-status|p1a: Dubwool|psn
|-damage|p2a: Scolipede|205/227|[from] item: Life Orb
|move|p1a: Dubwool|Cotton Guard|p1a: Dubwool
|-boost|p1a: Dubwool|def|3
|
|-heal|p1a: Dubwool|175/264 psn|[from] item: Leftovers
|-damage|p1a: Dubwool|142/264 psn|[from] psn
|-ability|p2a: Scolipede|Speed Boost|boost
|-boost|p2a: Scolipede|spe|1
|upkeep
|turn|5
|
|t:|1685173505
|switch|p2a: Weezing|Weezing-Galar, L86, F|252/252
|-ability|p2a: Weezing|Neutralizing Gas
|move|p1a: Dubwool|Rest|p1a: Dubwool
|-status|p1a: Dubwool|slp|[from] move: Rest
|-heal|p1a: Dubwool|264/264 slp|[silent]
|
|upkeep
|turn|6
|
|t:|1685173517
|switch|p1a: Marowak|Marowak-Alola, L84, F|238/238
|move|p2a: Weezing|Sludge Bomb|p1a: Marowak
|-resisted|p1a: Marowak
|-damage|p1a: Marowak|187/238
|
|upkeep
|turn|7
|
|t:|1685173524
|move|p2a: Weezing|Toxic Spikes|p1a: Marowak
|-sidestart|p1: Sparna_of_Yomi|move: Toxic Spikes
|move|p1a: Marowak|Flame Charge|p2a: Weezing
|-damage|p2a: Weezing|179/252
|-boost|p1a: Marowak|spe|1
|
|-heal|p2a: Weezing|194/252|[from] item: Black Sludge
|upkeep
|turn|8
|
|t:|1685173529
|move|p1a: Marowak|Flame Charge|p2a: Weezing
|-damage|p2a: Weezing|119/252
|-boost|p1a: Marowak|spe|1
|move|p2a: Weezing|Toxic Spikes|p1a: Marowak
|-sidestart|p1: Sparna_of_Yomi|move: Toxic Spikes
|
|-heal|p2a: Weezing|134/252|[from] item: Black Sludge
|upkeep
|turn|9
|
|t:|1685173533
|move|p1a: Marowak|Flame Charge|p2a: Weezing
|-damage|p2a: Weezing|62/252
|-boost|p1a: Marowak|spe|1
|move|p2a: Weezing|Strange Steam|p1a: Marowak
|-resisted|p1a: Marowak
|-damage|p1a: Marowak|134/238
|
|-heal|p2a: Weezing|77/252|[from] item: Black Sludge
|upkeep
|turn|10
|
|t:|1685173540
|move|p1a: Marowak|Poltergeist|p2a: Weezing
|-activate|p2a: Weezing|move: Poltergeist|Black Sludge
|-damage|p2a: Weezing|0 fnt
|faint|p2a: Weezing
|-end|p2a: Weezing|ability: Neutralizing Gas
|
|upkeep
|
|t:|1685173546
|switch|p2a: Lycanroc|Lycanroc, L80, F|251/251
|turn|11
|
|t:|1685173551
|move|p1a: Marowak|Poltergeist|p2a: Lycanroc
|-activate|p2a: Lycanroc|move: Poltergeist|Life Orb
|-damage|p2a: Lycanroc|2/251
|move|p2a: Lycanroc|Swords Dance|p2a: Lycanroc
|-boost|p2a: Lycanroc|atk|2
|
|upkeep
|turn|12
|
|t:|1685173556
|move|p2a: Lycanroc|Accelerock|p1a: Marowak
|-supereffective|p1a: Marowak
|-damage|p1a: Marowak|0 fnt
|faint|p1a: Marowak
|-damage|p2a: Lycanroc|0 fnt|[from] item: Life Orb
|faint|p2a: Lycanroc
|
|upkeep
|
|t:|1685173571
|switch|p2a: Aromatisse|Aromatisse, L88, F|321/321
|switch|p1a: Dubwool|Dubwool, L86, F|264/264 slp
|turn|13
|
|t:|1685173578
|cant|p1a: Dubwool|slp
|move|p1a: Dubwool|Sleep Talk|p1a: Dubwool
|move|p1a: Dubwool|Rest||[from]move: Sleep Talk|[still]
|-fail|p1a: Dubwool
|move|p2a: Aromatisse|Calm Mind|p2a: Aromatisse
|-boost|p2a: Aromatisse|spa|1
|-boost|p2a: Aromatisse|spd|1
|
|upkeep
|turn|14
|
|t:|1685173591
|switch|p1a: Sirfetch’d|Sirfetch’d, L82, M|213/236
|-status|p1a: Sirfetch’d|tox
|move|p2a: Aromatisse|Calm Mind|p2a: Aromatisse
|-boost|p2a: Aromatisse|spa|1
|-boost|p2a: Aromatisse|spd|1
|
|-damage|p1a: Sirfetch’d|199/236 tox|[from] psn
|upkeep
|turn|15
|
|t:|1685173598
|move|p1a: Sirfetch’d|Brave Bird|p2a: Aromatisse
|-damage|p2a: Aromatisse|181/321
|-damage|p1a: Sirfetch’d|153/236 tox|[from] Recoil
|-damage|p1a: Sirfetch’d|130/236 tox|[from] item: Life Orb
|move|p2a: Aromatisse|Moonblast|p1a: Sirfetch’d
|-supereffective|p1a: Sirfetch’d
|-damage|p1a: Sirfetch’d|0 fnt
|faint|p1a: Sirfetch’d
|
|-heal|p2a: Aromatisse|201/321|[from] item: Leftovers
|upkeep
|
|t:|1685173608
|switch|p1a: Calyrex|Calyrex-Ice, L72|263/263
|-ability|p1a: Calyrex|As One
|-ability|p1a: Calyrex|Unnerve
|-status|p1a: Calyrex|tox
|turn|16
|
|t:|1685173616
|-start|p1a: Calyrex|Dynamax|
|-heal|p1a: Calyrex|526/526 tox|[silent]
|move|p1a: Calyrex|Max Hailstorm|p2a: Aromatisse
|-damage|p2a: Aromatisse|0 fnt
|-weather|Hail
|faint|p2a: Aromatisse
|-ability|p1a: Calyrex|Chilling Neigh|boost
|-boost|p1a: Calyrex|atk|1
|
|-weather|Hail|[upkeep]
|-damage|p1a: Calyrex|510/526 tox|[from] psn
|upkeep
|
|t:|1685173622
|switch|p2a: Scolipede|Scolipede, L80, M|205/227
|turn|17
|
|t:|1685173630
|move|p2a: Scolipede|Swords Dance|p2a: Scolipede
|-boost|p2a: Scolipede|atk|2
|move|p1a: Calyrex|Max Hailstorm|p2a: Scolipede
|-damage|p2a: Scolipede|0 fnt
|faint|p2a: Scolipede
|-ability|p1a: Calyrex|Chilling Neigh|boost
|-boost|p1a: Calyrex|atk|1
|
|-weather|Hail|[upkeep]
|-damage|p1a: Calyrex|478/526 tox|[from] psn
|upkeep
|
|t:|1685173635
|switch|p2a: Flygon|Flygon, L80, F|259/259
|turn|18
|
|t:|1685173643
|-start|p2a: Flygon|Dynamax|
|-heal|p2a: Flygon|518/518|[silent]
|move|p2a: Flygon|Max Guard|p2a: Flygon
|-singleturn|p2a: Flygon|Max Guard
|move|p1a: Calyrex|Max Hailstorm|p2a: Flygon
|-activate|p2a: Flygon|move: Max Guard
|
|-weather|Hail|[upkeep]
|-damage|p2a: Flygon|502/518|[from] Hail
|-damage|p1a: Calyrex|430/526 tox|[from] psn
|upkeep
|-end|p1a: Calyrex|Dynamax
|-heal|p1a: Calyrex|215/263 tox|[silent]
|turn|19
|
|t:|1685173650
|move|p2a: Flygon|Max Flare|p1a: Calyrex
|-supereffective|p1a: Calyrex
|-damage|p1a: Calyrex|51/263 tox
|-weather|SunnyDay
|-enditem|p1a: Calyrex|Weakness Policy
|-boost|p1a: Calyrex|atk|2|[from] item: Weakness Policy
|-boost|p1a: Calyrex|spa|2|[from] item: Weakness Policy
|-damage|p2a: Flygon|477/518|[from] item: Life Orb
|move|p1a: Calyrex|Glacial Lance|p2a: Flygon
|-supereffective|p2a: Flygon
|-damage|p2a: Flygon|0 fnt
|faint|p2a: Flygon
|
|win|Sparna_of_Yomi
|raw|Sparna_of_Yomi's rating: 1454 &rarr; <strong>1466</strong><br />(+12 for winning)
|raw|Brownmamba201996's rating: 1298 &rarr; <strong>1284</strong><br />(-14 for losing)
|l|☆Brownmamba201996
