{"id": "gen8randombattle-1873496777", "p1": "NasaKhatarnak1", "p2": "CGSGowtham", "format": "[Gen 8] Random Battle", "log": "|j|\u203dNasaKhatarnak1\n|j|\u2606CGSGowtham\n|t:|1685383315\n|gametype|singles\n|player|p1|NasaKhatarnak1|170|1047\n|player|p2|CGSGowtham|hugh|1034\n|teamsize|p1|6\n|teamsize|p2|6\n|gen|8\n|tier|[Gen 8] Random Battle\n|rated|\n|rule|Species Clause: Limit one of each Pok\u00e9mon\n|rule|HP Percentage Mod: HP is shown in percentages\n|rule|Sleep Clause Mod: Limit one foe put to sleep\n|\n|t:|1685383315\n|start\n|switch|p1a: Kartana|Kartana, L74|209/209\n|switch|p2a: Mr. Mime|Mr. Mime-Galar, L86, M|226/226\n|turn|1\n|\n|t:|1685383339\n|move|p2a: Mr. Mime|Freeze-Dry|p1a: Kartana\n|-damage|p1a: Kartana|34/209\n|move|p1a: Kartana|Smart Strike|p2a: Mr. Mime\n|-supereffective|p2a: Mr. Mime\n|-damage|p2a: Mr. Mime|8/226\n|-damage|p1a: Kartana|14/209|[from] item: Life Orb\n|\n|upkeep\n|turn|2\n|\n|t:|1685383346\n|move|p2a: Mr. Mime|Freeze-Dry|p1a: Kartana\n|-crit|p1a: Kartana\n|-damage|p1a: Kartana|0 fnt\n|faint|p1a: Kartana\n|\n|upkeep\n|\n|t:|1685383349\n|switch|p1a: Snorlax|Snorlax, L82, M|397/397\n|turn|3\n|\n|t:|1685383353\n|move|p2a: Mr. Mime|Focus Blast|p1a: Snorlax\n|-supereffective|p1a: Snorlax\n|-crit|p1a: Snorlax\n|-damage|p1a: Snorlax|183/397\n|move|p1a: Snorlax|Double-Edge|p2a: Mr. Mime\n|-damage|p2a: Mr. Mime|0 fnt\n|faint|p2a: Mr. Mime\n|-damage|p1a: Snorlax|180/397|[from] Recoil\n|\n|upkeep\n|inactive|Battle timer is ON: inactive players will automatically lose when time's up. (requested by NasaKhatarnak1)\n|\n|t:|1685383372\n|switch|p2a: Liepard|Liepard, L86, M|250/250\n|turn|4\n|\n|t:|1685383380\n|switch|p1a: Shiinotic|Shiinotic, L86, F|243/243\n|move|p2a: Liepard|Copycat|p2a: Liepard\n|move|p2a: Liepard|Double-Edge|p1a: Shiinotic|[from]move: Copycat\n|-damage|p1a: Shiinotic|156/243\n|-damage|p2a: Liepard|221/250|[from] Recoil\n|\n|-heal|p2a: Liepard|236/250|[from] item: Leftovers\n|-heal|p1a: Shiinotic|171/243|[from] item: Leftovers\n|upkeep\n|turn|5\n|\n|t:|1685383394\n|move|p2a: Liepard|Knock Off|p1a: Shiinotic\n|-resisted|p1a: Shiinotic\n|-damage|p1a: Shiinotic|117/243\n|-enditem|p1a: Shiinotic|Leftovers|[from] move: Knock Off|[of] p2a: Liepard\n|move|p1a: Shiinotic|Moonblast|p2a: Liepard\n|-supereffective|p2a: Liepard\n|-damage|p2a: Liepard|0 fnt\n|faint|p2a: Liepard\n|\n|upkeep\n|\n|t:|1685383398\n|switch|p2a: Naganadel|Naganadel, L74|230/230\n|turn|6\n|\n|t:|1685383401\n|move|p2a: Naganadel|Sludge Wave|p1a: Shiinotic\n|-supereffective|p1a: Shiinotic\n|-damage|p1a: Shiinotic|0 fnt\n|faint|p1a: Shiinotic\n|-ability|p2a: Naganadel|Beast Boost|boost\n|-boost|p2a: Naganadel|spa|1\n|-damage|p2a: Naganadel|207/230|[from] item: Life Orb\n|\n|upkeep\n|\n|t:|1685383406\n|switch|p1a: Zygarde|Zygarde-10%, L82|223/223\n|-ability|p1a: Zygarde|Aura Break\n|turn|7\n|\n|t:|1685383422\n|move|p1a: Zygarde|Thousand Arrows|p2a: Naganadel\n|-supereffective|p2a: Naganadel\n|-damage|p2a: Naganadel|0 fnt\n|faint|p2a: Naganadel\n|-damage|p1a: Zygarde|201/223|[from] item: Life Orb\n|\n|upkeep\n|\n|t:|1685383427\n|switch|p2a: Exeggutor|Exeggutor, L86, F|304/304\n|turn|8\n|\n|t:|1685383434\n|switch|p1a: Snorlax|Snorlax, L82, M|180/397\n|move|p2a: Exeggutor|Giga Drain|p1a: Snorlax\n|-damage|p1a: Snorlax|90/397\n|\n|upkeep\n|turn|9\n|\n|t:|1685383441\n|move|p2a: Exeggutor|Psychic|p1a: Snorlax\n|-damage|p1a: Snorlax|0 fnt\n|faint|p1a: Snorlax\n|\n|upkeep\n|\n|t:|1685383445\n|switch|p1a: Farfetch\u2019d|Farfetch\u2019d, L90, M|239/239\n|turn|10\n|\n|t:|1685383451\n|switch|p2a: Crustle|Crustle, L82, F|249/249\n|move|p1a: Farfetch\u2019d|Swords Dance|p1a: Farfetch\u2019d\n|-boost|p1a: Farfetch\u2019d|atk|2\n|\n|upkeep\n|turn|11\n|\n|t:|1685383458\n|-start|p1a: Farfetch\u2019d|Dynamax|\n|-heal|p1a: Farfetch\u2019d|478/478|[silent]\n|move|p1a: Farfetch\u2019d|Max Airstream|p2a: Crustle\n|-crit|p2a: Crustle\n|-ability|p2a: Crustle|Sturdy\n|-damage|p2a: Crustle|1/249\n|-boost|p1a: Farfetch\u2019d|spe|1\n|move|p2a: Crustle|Shell Smash|p2a: Crustle\n|-unboost|p2a: Crustle|def|1\n|-unboost|p2a: Crustle|spd|1\n|-boost|p2a: Crustle|atk|2\n|-boost|p2a: Crustle|spa|2\n|-boost|p2a: Crustle|spe|2\n|\n|upkeep\n|turn|12\n|\n|t:|1685383476\n|move|p2a: Crustle|X-Scissor|p1a: Farfetch\u2019d\n|-resisted|p1a: Farfetch\u2019d\n|-damage|p1a: Farfetch\u2019d|370/478\n|move|p1a: Farfetch\u2019d|Max Airstream|p2a: Crustle\n|-crit|p2a: Crustle\n|-damage|p2a: Crustle|0 fnt\n|-boost|p1a: Farfetch\u2019d|spe|1\n|faint|p2a: Crustle\n|\n|upkeep\n|\n|t:|1685383484\n|switch|p2a: Vileplume|Vileplume, L84, M|263/263\n|turn|13\n|\n|t:|1685383489\n|move|p1a: Farfetch\u2019d|Max Airstream|p2a: Vileplume\n|-supereffective|p2a: Vileplume\n|-crit|p2a: Vileplume\n|-damage|p2a: Vileplume|0 fnt\n|-boost|p1a: Farfetch\u2019d|spe|1\n|faint|p2a: Vileplume\n|\n|upkeep\n|\n|t:|1685383492\n|switch|p2a: Exeggutor|Exeggutor, L86, F|304/304\n|-end|p1a: Farfetch\u2019d|Dynamax\n|-heal|p1a: Farfetch\u2019d|185/239|[silent]\n|turn|14\n|\n|t:|1685383496\n|-start|p2a: Exeggutor|Dynamax|\n|-heal|p2a: Exeggutor|608/608|[silent]\n|move|p1a: Farfetch\u2019d|Brave Bird|p2a: Exeggutor\n|-supereffective|p2a: Exeggutor\n|-damage|p2a: Exeggutor|80/608\n|-enditem|p2a: Exeggutor|Sitrus Berry|[eat]\n|-heal|p2a: Exeggutor|156/608|[from] item: Sitrus Berry\n|-damage|p1a: Farfetch\u2019d|11/239|[from] Recoil\n|move|p2a: Exeggutor|Max Mindstorm|p1a: Farfetch\u2019d\n|-damage|p1a: Farfetch\u2019d|0 fnt\n|-fieldstart|move: Psychic Terrain\n|faint|p1a: Farfetch\u2019d\n|\n|upkeep\n|\n|t:|1685383499\n|switch|p1a: Zygarde|Zygarde-10%, L82|201/223\n|-ability|p1a: Zygarde|Aura Break\n|turn|15\n|\n|t:|1685383503\n|move|p1a: Zygarde|Outrage|p2a: Exeggutor\n|-damage|p2a: Exeggutor|0 fnt\n|faint|p2a: Exeggutor\n|-damage|p1a: Zygarde|179/223|[from] item: Life Orb\n|\n|win|NasaKhatarnak1\n|raw|NasaKhatarnak1's rating: 1047 &rarr; <strong>1079</strong><br />(+32 for winning)\n|raw|CGSGowtham's rating: 1034 &rarr; <strong>1019</strong><br />(-15 for losing)\n", "inputlog": ">version 6fec31d5a0d4498a06105aa188c9906bc0b6bf95\n>start {\"formatid\":\"gen8randombattle\",\"seed\":[10386,21617,46081,47383],\"rated\":\"Rated battle\"}\n>player p1 {\"name\":\"NasaKhatarnak1\",\"avatar\":\"170\",\"rating\":1047,\"seed\":[61088,2626,7848,26637]}\n>player p2 {\"name\":\"CGSGowtham\",\"avatar\":\"hugh\",\"rating\":1034,\"seed\":[63805,22511,3703,64371]}\n>p1 move smartstrike\n>p2 move freezedry\n>p1 move smartstrike\n>p2 move freezedry\n>p1 switch 6\n>p1 move doubleedge\n>p2 move focusblast\n>p2 switch 2\n>p1 switch 4\n>p2 move copycat\n>p1 move moonblast\n>p2 move knockoff\n>p2 switch 4\n>p1 move spore\n>p2 move sludgewave\n>p1 switch 5\n>p1 move thousandarrows\n>p2 move dracometeor\n>p2 switch 5\n>p1 switch 4\n>p2 move gigadrain\n>p1 move doubleedge\n>p2 move psychic\n>p1 switch 3\n>p1 move swordsdance\n>p2 switch 3\n>p1 move bravebird dynamax\n>p2 move shellsmash\n>p1 move bravebird dynamax\n>p2 move xscissor\n>p2 switch 6\n>p1 move bravebird dynamax\n>p2 move aromatherapy\n>p2 switch 3\n>p1 move bravebird\n>p2 move psychic dynamax\n>p1 switch 4\n>p1 move outrage\n>p2 move gigadrain dynamax", "uploadtime": 1685383506, "views": 3, "p1id": "nasakhatarnak1", "p2id": "cgsgowtham", "formatid": "gen8randombattle", "rating": 1019, "private": 0, "password": ""}