{"id": "gen8randombattle-1207130061", "p1": "f \u221e1ish", "p2": "Delta 2777", "format": "[Gen 8] Random Battle", "log": "|j|\u2606f \u221e1ish\n|j|\u2606Delta 2777\n|t:|1603339931\n|player|p1|f \u221e1ish|101|2417\n|player|p2|Delta 2777|265|2448\n|teamsize|p1|6\n|teamsize|p2|6\n|gametype|singles\n|gen|8\n|tier|[Gen 8] Random Battle\n|rated|\n|rule|Species Clause: Limit one of each Pok\u00e9mon\n|rule|HP Percentage Mod: HP is shown in percentages\n|rule|Sleep Clause Mod: Limit one foe put to sleep\n|\n|t:|1603339931\n|start\n|switch|p1a: Rapidash|Rapidash, L86, F|252/252\n|switch|p2a: Marowak|Marowak, L88, F|249/249\n|turn|1\n|inactive|Battle timer is ON: inactive players will automatically lose when time's up. (requested by Delta 2777)\n|\n|t:|1603339944\n|switch|p1a: Leafeon|Leafeon, L88, M|258/258\n|switch|p2a: Turtonator|Turtonator, L86, M|243/243\n|\n|upkeep\n|turn|2\n|\n|t:|1603339963\n|switch|p1a: Drampa|Drampa, L86, M|274/274\n|move|p2a: Turtonator|Fire Blast|p1a: Drampa\n|-resisted|p1a: Drampa\n|-damage|p1a: Drampa|217/274\n|\n|-heal|p1a: Drampa|234/274|[from] item: Leftovers\n|upkeep\n|turn|3\n|j| YA BOIIIII GUZMA!!\n|\n|t:|1603339971\n|move|p1a: Drampa|Draco Meteor|p2a: Turtonator|[miss]\n|-miss|p1a: Drampa|p2a: Turtonator\n|move|p2a: Turtonator|Draco Meteor|p1a: Drampa\n|-supereffective|p1a: Drampa\n|-damage|p1a: Drampa|0 fnt\n|-unboost|p2a: Turtonator|spa|2\n|faint|p1a: Drampa\n|\n|upkeep\n|\n|t:|1603339989\n|switch|p1a: Rapidash|Rapidash, L86, F|252/252\n|turn|4\n|\n|t:|1603339992\n|move|p1a: Rapidash|Swords Dance|p1a: Rapidash\n|-boost|p1a: Rapidash|atk|2\n|move|p2a: Turtonator|Earthquake|p1a: Rapidash\n|-supereffective|p1a: Rapidash\n|-damage|p1a: Rapidash|110/252\n|\n|upkeep\n|turn|5\n|\n|t:|1603339998\n|move|p1a: Rapidash|High Horsepower|p2a: Turtonator|[miss]\n|-miss|p1a: Rapidash|p2a: Turtonator\n|move|p2a: Turtonator|Earthquake|p1a: Rapidash\n|-supereffective|p1a: Rapidash\n|-damage|p1a: Rapidash|0 fnt\n|faint|p1a: Rapidash\n|\n|upkeep\n|c|\u2606Delta 2777|sry\n|c|\u2606f \u221e1ish|no need its all part of the game :)\n|inactive|f \u221e1ish has 120 seconds left.\n|j| Elxsa\u2740\n|c|\u2606Delta 2777|yeppers\n|inactive|f \u221e1ish has 90 seconds left.\n|inactive|f \u221e1ish has 60 seconds left.\n|\n|t:|1603340093\n|switch|p1a: Kommo-o|Kommo-o, L80, F|251/251\n|turn|6\n|inactive|Delta 2777 has 120 seconds left.\n|\n|t:|1603340125\n|move|p1a: Kommo-o|Clangorous Soul|p1a: Kommo-o\n|-boost|p1a: Kommo-o|atk|1\n|-boost|p1a: Kommo-o|def|1\n|-boost|p1a: Kommo-o|spa|1\n|-boost|p1a: Kommo-o|spd|1\n|-boost|p1a: Kommo-o|spe|1\n|-damage|p1a: Kommo-o|169/251\n|-enditem|p1a: Kommo-o|Throat Spray\n|-boost|p1a: Kommo-o|spa|1|[from] item: Throat Spray\n|move|p2a: Turtonator|Draco Meteor|p1a: Kommo-o\n|-supereffective|p1a: Kommo-o\n|-damage|p1a: Kommo-o|85/251\n|-unboost|p2a: Turtonator|spa|2\n|\n|upkeep\n|turn|7\n|inactive|f \u221e1ish has 60 seconds left.\n|\n|t:|1603340148\n|switch|p2a: Ribombee|Ribombee, L86, F|243/243\n|move|p1a: Kommo-o|Clanging Scales|p2a: Ribombee\n|-immune|p2a: Ribombee\n|\n|upkeep\n|turn|8\n|inactive|Delta 2777 has 120 seconds left.\n|\n|t:|1603340183\n|move|p1a: Kommo-o|Poison Jab|p2a: Ribombee\n|-supereffective|p2a: Ribombee\n|-damage|p2a: Ribombee|15/243\n|-status|p2a: Ribombee|psn\n|move|p2a: Ribombee|Moonblast|p1a: Kommo-o\n|-supereffective|p1a: Kommo-o\n|-damage|p1a: Kommo-o|0 fnt\n|faint|p1a: Kommo-o\n|\n|-damage|p2a: Ribombee|0 fnt|[from] psn\n|faint|p2a: Ribombee\n|upkeep\n|\n|t:|1603340192\n|switch|p2a: Scizor|Scizor, L82, M|249/249\n|switch|p1a: Arctozolt|Arctozolt, L88|302/302\n|turn|9\n|inactive|Delta 2777 has 120 seconds left.\n|\n|t:|1603340211\n|move|p2a: Scizor|U-turn|p1a: Arctozolt\n|-damage|p1a: Arctozolt|215/302\n|\n|t:|1603340214\n|switch|p2a: Turtonator|Turtonator, L86, M|243/243\n|move|p1a: Arctozolt|Thunder Wave|p2a: Turtonator\n|-status|p2a: Turtonator|par\n|\n|upkeep\n|turn|10\n|inactive|f \u221e1ish has 90 seconds left.\n|inactive|Delta 2777 has 120 seconds left.\n|\n|t:|1603340219\n|move|p1a: Arctozolt|Icicle Crash|p2a: Turtonator\n|-damage|p2a: Turtonator|170/243 par\n|move|p2a: Turtonator|Earthquake|p1a: Arctozolt\n|-supereffective|p1a: Arctozolt\n|-damage|p1a: Arctozolt|105/302\n|\n|upkeep\n|turn|11\n|\n|t:|1603340224\n|move|p1a: Arctozolt|Icicle Crash|p2a: Turtonator\n|-damage|p2a: Turtonator|92/243 par\n|cant|p2a: Turtonator|flinch\n|\n|upkeep\n|turn|12\n|\n|t:|1603340229\n|move|p1a: Arctozolt|Icicle Crash|p2a: Turtonator\n|-damage|p2a: Turtonator|14/243 par\n|cant|p2a: Turtonator|par\n|\n|upkeep\n|turn|13\n|\n|t:|1603340234\n|move|p1a: Arctozolt|Icicle Crash|p2a: Turtonator\n|-damage|p2a: Turtonator|0 fnt\n|faint|p2a: Turtonator\n|\n|upkeep\n|\n|t:|1603340238\n|switch|p2a: Absol|Absol, L86, F|252/252\n|turn|14\n|\n|t:|1603340244\n|move|p2a: Absol|Knock Off|p1a: Arctozolt\n|-damage|p1a: Arctozolt|0 fnt\n|-enditem|p1a: Arctozolt|Heavy-Duty Boots|[from] move: Knock Off|[of] p2a: Absol\n|faint|p1a: Arctozolt\n|\n|upkeep\n|inactive|f \u221e1ish has 120 seconds left.\n|\n|t:|1603340259\n|switch|p1a: Heracross|Heracross, L84, M|272/272\n|turn|15\n|\n|t:|1603340274\n|-start|p1a: Heracross|Dynamax\n|-heal|p1a: Heracross|544/544|[silent]\n|move|p1a: Heracross|Max Knuckle|p2a: Absol\n|-supereffective|p2a: Absol\n|-damage|p2a: Absol|0 fnt\n|-boost|p1a: Heracross|atk|1\n|-damage|p1a: Heracross|517/544|[from] item: Life Orb\n|faint|p2a: Absol\n|-ability|p1a: Heracross|Moxie|boost\n|-boost|p1a: Heracross|atk|1\n|\n|upkeep\n|j| TTTTTunder\n|inactive|Delta 2777 has 120 seconds left.\n|inactive|Delta 2777 has 90 seconds left.\n|inactive|Delta 2777 has 60 seconds left.\n|\n|t:|1603340364\n|switch|p2a: Marowak|Marowak, L88, F|249/249\n|turn|16\n|inactive|Delta 2777 has 60 seconds left.\n|inactive|f \u221e1ish has 120 seconds left.\n|inactive|f \u221e1ish has 90 seconds left.\n|\n|t:|1603340422\n|-start|p2a: Marowak|Dynamax\n|-heal|p2a: Marowak|498/498|[silent]\n|move|p2a: Marowak|Max Guard|p2a: Marowak\n|-singleturn|p2a: Marowak|Max Guard\n|move|p1a: Heracross|Max Flutterby|p2a: Marowak\n|-activate|p2a: Marowak|move: Max Guard\n|\n|upkeep\n|turn|17\n|inactive|f \u221e1ish has 90 seconds left.\n|inactive|Delta 2777 has 60 seconds left.\n|j| Kackwii\n|inactive|f \u221e1ish has 60 seconds left.\n|\n|t:|1603340483\n|move|p2a: Marowak|Max Guard|p2a: Marowak\n|-singleturn|p2a: Marowak|Max Guard\n|move|p1a: Heracross|Max Knuckle|p2a: Marowak\n|-activate|p2a: Marowak|move: Max Guard\n|\n|-end|p1a: Heracross|Dynamax\n|-heal|p1a: Heracross|259/272|[silent]\n|upkeep\n|turn|18\n|\n|t:|1603340503\n|switch|p1a: Leafeon|Leafeon, L88, M|258/258\n|move|p2a: Marowak|Max Rockfall|p1a: Leafeon\n|-damage|p1a: Leafeon|141/258\n|-weather|Sandstorm\n|\n|-weather|Sandstorm|[upkeep]\n|-damage|p1a: Leafeon|125/258|[from] Sandstorm\n|-end|p2a: Marowak|Dynamax\n|-heal|p2a: Marowak|249/249|[silent]\n|upkeep\n|turn|19\n|inactive|Delta 2777 has 60 seconds left.\n|inactive|f \u221e1ish has 30 seconds left.\n|inactive|f \u221e1ish has 20 seconds left.\n|inactive|f \u221e1ish has 15 seconds left.\n|inactive|f \u221e1ish has 10 seconds left.\n|inactive|Delta 2777 has 30 seconds left.\n|\n|t:|1603340541\n|switch|p1a: Heracross|Heracross, L84, M|259/272\n|switch|p2a: Scizor|Scizor, L82, M|249/249\n|\n|-weather|Sandstorm|[upkeep]\n|-damage|p1a: Heracross|242/272|[from] Sandstorm\n|upkeep\n|turn|20\n|inactive|f \u221e1ish has 20 seconds left this turn.\n|\n|t:|1603340550\n|move|p1a: Heracross|Knock Off|p2a: Scizor\n|-damage|p2a: Scizor|153/249\n|-enditem|p2a: Scizor|Leftovers|[from] move: Knock Off|[of] p1a: Heracross\n|-damage|p1a: Heracross|215/272|[from] item: Life Orb\n|move|p2a: Scizor|Swords Dance|p2a: Scizor\n|-boost|p2a: Scizor|atk|2\n|\n|-weather|Sandstorm|[upkeep]\n|-damage|p1a: Heracross|198/272|[from] Sandstorm\n|upkeep\n|turn|21\n|inactive|f \u221e1ish has 30 seconds left this turn.\n|\n|t:|1603340553\n|move|p2a: Scizor|Bullet Punch|p1a: Heracross\n|-damage|p1a: Heracross|27/272\n|move|p1a: Heracross|Close Combat|p2a: Scizor\n|-damage|p2a: Scizor|0 fnt\n|-unboost|p1a: Heracross|def|1\n|-unboost|p1a: Heracross|spd|1\n|-damage|p1a: Heracross|0 fnt|[from] item: Life Orb\n|faint|p2a: Scizor\n|faint|p1a: Heracross\n|\n|-weather|Sandstorm|[upkeep]\n|upkeep\n|\n|t:|1603340572\n|switch|p1a: Leafeon|Leafeon, L88, M|125/258\n|switch|p2a: Marowak|Marowak, L88, F|249/249\n|turn|22\n|inactive|f \u221e1ish has 30 seconds left.\n|\n|t:|1603340598\n|move|p1a: Leafeon|Swords Dance|p1a: Leafeon\n|-boost|p1a: Leafeon|atk|2\n|move|p2a: Marowak|Knock Off|p1a: Leafeon\n|-damage|p1a: Leafeon|32/258\n|-enditem|p1a: Leafeon|Lum Berry|[from] move: Knock Off|[of] p2a: Marowak\n|\n|-weather|none\n|upkeep\n|turn|23\n|\n|t:|1603340605\n|move|p1a: Leafeon|Synthesis|p1a: Leafeon\n|-heal|p1a: Leafeon|161/258\n|move|p2a: Marowak|Knock Off|p1a: Leafeon\n|-damage|p1a: Leafeon|104/258\n|\n|upkeep\n|turn|24\n|c|\u2606Delta 2777|gg\n|\n|t:|1603340610\n|move|p1a: Leafeon|Swords Dance|p1a: Leafeon\n|-boost|p1a: Leafeon|atk|2\n|move|p2a: Marowak|Stone Edge|p1a: Leafeon|[miss]\n|-miss|p2a: Marowak|p1a: Leafeon\n|\n|upkeep\n|turn|25\n|\n|t:|1603340613\n|move|p1a: Leafeon|Synthesis|p1a: Leafeon\n|-heal|p1a: Leafeon|233/258\n|move|p2a: Marowak|Stone Edge|p1a: Leafeon\n|-damage|p1a: Leafeon|133/258\n|\n|upkeep\n|turn|26\n|c|\u2606f \u221e1ish|gg\n|inactive|f \u221e1ish has 60 seconds left.\n|\n|t:|1603340618\n|move|p1a: Leafeon|Synthesis|p1a: Leafeon\n|-heal|p1a: Leafeon|258/258\n|move|p2a: Marowak|Stone Edge|p1a: Leafeon|[miss]\n|-miss|p2a: Marowak|p1a: Leafeon\n|\n|upkeep\n|turn|27\n|\n|t:|1603340622\n|move|p1a: Leafeon|Swords Dance|p1a: Leafeon\n|-boost|p1a: Leafeon|atk|2\n|move|p2a: Marowak|Stone Edge|p1a: Leafeon\n|-damage|p1a: Leafeon|161/258\n|\n|upkeep\n|turn|28\n|\n|t:|1603340624\n|move|p1a: Leafeon|Synthesis|p1a: Leafeon\n|-heal|p1a: Leafeon|258/258\n|move|p2a: Marowak|Stone Edge|p1a: Leafeon\n|-damage|p1a: Leafeon|157/258\n|\n|upkeep\n|turn|29\n|\n|t:|1603340626\n|move|p1a: Leafeon|Synthesis|p1a: Leafeon\n|-heal|p1a: Leafeon|258/258\n|move|p2a: Marowak|Stone Edge|p1a: Leafeon\n|-damage|p1a: Leafeon|162/258\n|\n|upkeep\n|turn|30\n|\n|t:|1603340629\n|move|p1a: Leafeon|Synthesis|p1a: Leafeon\n|-heal|p1a: Leafeon|258/258\n|move|p2a: Marowak|Knock Off|p1a: Leafeon\n|-damage|p1a: Leafeon|201/258\n|\n|upkeep\n|turn|31\n|\n|t:|1603340632\n|move|p1a: Leafeon|Leaf Blade|p2a: Marowak\n|-supereffective|p2a: Marowak\n|-damage|p2a: Marowak|0 fnt\n|faint|p2a: Marowak\n|\n|upkeep\n|\n|t:|1603340634\n|switch|p2a: Dracovish|Dracovish, L76|262/262\n|turn|32\n|\n|t:|1603340636\n|move|p1a: Leafeon|Leaf Blade|p2a: Dracovish\n|-damage|p2a: Dracovish|0 fnt\n|faint|p2a: Dracovish\n|\n|win|f \u221e1ish\n|l|\u2606Delta 2777\n|raw|f \u221e1ish's rating: 2417 &rarr; <strong>2438</strong><br />(+21 for winning)\n|raw|Delta 2777's rating: 2448 &rarr; <strong>2426</strong><br />(-22 for losing)\n|l| Kackwii\n|l| TTTTTunder\n", "inputlog": ">version a55d3cd53022db1294c6cfe05442a4f0b647c31b\n>start {\"formatid\":\"gen8randombattle\",\"seed\":[47658,58772,4211,63888],\"rated\":\"Rated battle\"}\n>player p1 {\"name\":\"f \u221e1ish\",\"avatar\":\"101\",\"team\":\"\",\"rating\":2417,\"seed\":[55284,49686,23258,3773]}\n>player p2 {\"name\":\"Delta 2777\",\"avatar\":\"265\",\"team\":\"\",\"rating\":2448,\"seed\":[8822,47429,22694,56562]}\n>p1 switch 2\n>p2 switch 5\n>p1 switch 3\n>p2 move fireblast\n>p1 move dracometeor\n>p2 move dracometeor\n>p1 switch 2\n>p1 move swordsdance\n>p2 move earthquake\n>p1 move highhorsepower\n>p2 move earthquake\n>chat \u2606Delta 2777|sry\n>chat \u2606f \u221e1ish|no need its all part of the game :)\n>chat \u2606Delta 2777|yeppers\n>p1 switch 5\n>p1 move clangoroussoul\n>p2 move dracometeor\n>p1 move clangingscales\n>p2 switch 4\n>p1 move poisonjab\n>p2 move moonblast\n>p1 switch 6\n>p2 switch 6\n>p1 move thunderwave\n>p2 move uturn\n>p2 switch 4\n>p1 move iciclecrash\n>p2 move earthquake\n>p1 move iciclecrash\n>p2 move earthquake\n>p1 move iciclecrash\n>p2 move earthquake\n>p1 move iciclecrash\n>p2 move earthquake\n>p2 switch 3\n>p1 move thunderwave\n>p2 move knockoff\n>p1 switch 4\n>p1 move closecombat dynamax\n>p2 move knockoff\n>p2 switch 5\n>p1 move megahorn dynamax\n>p2 move substitute dynamax\n>p1 move closecombat dynamax\n>p2 move substitute dynamax\n>p1 switch 3\n>p2 move stoneedge dynamax\n>p1 switch 3\n>p2 switch 4\n>p1 move knockoff\n>p2 move swordsdance\n>p1 move closecombat\n>p2 move bulletpunch\n>p1 switch 3\n>p2 switch 4\n>p1 move swordsdance\n>p2 move knockoff\n>p1 move synthesis\n>p2 move knockoff\n>chat \u2606Delta 2777|gg\n>p1 move swordsdance\n>p2 move stoneedge\n>p1 move synthesis\n>p2 move stoneedge\n>chat \u2606f \u221e1ish|gg\n>p1 move synthesis\n>p2 move stoneedge\n>p1 move swordsdance\n>p2 move stoneedge\n>p1 move synthesis\n>p2 move stoneedge\n>p1 move synthesis\n>p2 move stoneedge\n>p1 move synthesis\n>p2 move knockoff\n>p1 move leafblade\n>p2 move stoneedge\n>p2 switch 2\n>p1 move leafblade\n>p2 move psychicfangs", "uploadtime": 1603340644, "views": 94, "p1id": "f1ish", "p2id": "delta2777", "formatid": "gen8randombattle", "rating": 2426, "private": 0, "password": null}