{"id": "gen8randombattle-1198769684", "p1": "Aquaza", "p2": "BinaryIllusion", "format": "[Gen 8] Random Battle", "log": "|j|\u2606Aquaza\n|j|\u2606BinaryIllusion\n|t:|1601994043\n|player|p1|Aquaza|cress|2533\n|player|p2|BinaryIllusion|giovanni|2450\n|teamsize|p1|6\n|teamsize|p2|6\n|gametype|singles\n|gen|8\n|tier|[Gen 8] Random Battle\n|rated|\n|rule|Species Clause: Limit one of each Pok\u00e9mon\n|rule|HP Percentage Mod: HP is shown in percentages\n|rule|Sleep Clause Mod: Limit one foe put to sleep\n|\n|t:|1601994043\n|start\n|switch|p1a: Jellicent|Jellicent, L86, M|312/312\n|switch|p2a: Arcanine|Arcanine, L84, M|288/288\n|-ability|p2a: Arcanine|Intimidate|boost\n|-unboost|p1a: Jellicent|atk|1\n|turn|1\n|inactive|Battle timer is ON: inactive players will automatically lose when time's up. (requested by BinaryIllusion)\n|inactive|Aquaza has 120 seconds left.\n|inactive|BinaryIllusion has 120 seconds left.\n|inactive|Aquaza has 90 seconds left.\n|\n|t:|1601994112\n|switch|p2a: Manectric|Manectric, L88, F|266/266\n|switch|p1a: Stunfisk|Stunfisk, L88, M|335/335\n|\n|upkeep\n|turn|2\n|\n|t:|1601994122\n|switch|p2a: Hatterene|Hatterene, L80, F|222/222\n|move|p1a: Stunfisk|Earth Power|p2a: Hatterene\n|-damage|p2a: Hatterene|131/222\n|\n|upkeep\n|turn|3\n|\n|t:|1601994136\n|switch|p2a: Hippowdon|Hippowdon, L80, M|304/304\n|-weather|Sandstorm|[from] ability: Sand Stream|[of] p2a: Hippowdon\n|move|p1a: Stunfisk|Earth Power|p2a: Hippowdon\n|-damage|p2a: Hippowdon|202/304\n|\n|-weather|Sandstorm|[upkeep]\n|-heal|p2a: Hippowdon|221/304|[from] item: Leftovers\n|upkeep\n|turn|4\n|\n|t:|1601994146\n|switch|p1a: Exeggutor|Exeggutor-Alola, L86, F|304/304\n|-item|p2a: Hippowdon|Leftovers|[from] ability: Frisk|[of] p1a: Exeggutor|[identify]\n|move|p2a: Hippowdon|Toxic|p1a: Exeggutor\n|-status|p1a: Exeggutor|tox\n|\n|-weather|Sandstorm|[upkeep]\n|-damage|p1a: Exeggutor|285/304 tox|[from] Sandstorm\n|-heal|p2a: Hippowdon|240/304|[from] item: Leftovers\n|-damage|p1a: Exeggutor|266/304 tox|[from] psn\n|upkeep\n|turn|5\n|\n|t:|1601994163\n|switch|p2a: Manectric|Manectric, L88, F|266/266\n|move|p1a: Exeggutor|Giga Drain|p2a: Manectric\n|-damage|p2a: Manectric|91/266\n|-heal|p1a: Exeggutor|304/304 tox|[from] drain|[of] p2a: Manectric\n|-damage|p1a: Exeggutor|274/304 tox|[from] item: Life Orb\n|\n|-weather|Sandstorm|[upkeep]\n|-damage|p2a: Manectric|75/266|[from] Sandstorm\n|-damage|p1a: Exeggutor|255/304 tox|[from] Sandstorm\n|-damage|p1a: Exeggutor|217/304 tox|[from] psn\n|upkeep\n|turn|6\n|\n|t:|1601994171\n|switch|p1a: Stunfisk|Stunfisk, L88, M|335/335\n|move|p2a: Manectric|Switcheroo|p1a: Stunfisk\n|-activate|p2a: Manectric|move: Trick|[of] p1a: Stunfisk\n|-item|p1a: Stunfisk|Choice Scarf|[from] move: Switcheroo\n|-item|p2a: Manectric|Leftovers|[from] move: Switcheroo\n|\n|-weather|Sandstorm|[upkeep]\n|-damage|p2a: Manectric|59/266|[from] Sandstorm\n|-heal|p2a: Manectric|75/266|[from] item: Leftovers\n|upkeep\n|turn|7\n|\n|t:|1601994185\n|switch|p2a: Hippowdon|Hippowdon, L80, M|240/304\n|move|p1a: Stunfisk|Earth Power|p2a: Hippowdon\n|-damage|p2a: Hippowdon|128/304\n|\n|-weather|none\n|-heal|p2a: Hippowdon|147/304|[from] item: Leftovers\n|upkeep\n|turn|8\n|\n|t:|1601994192\n|switch|p1a: Exeggutor|Exeggutor-Alola, L86, F|217/304 tox\n|-item|p2a: Hippowdon|Leftovers|[from] ability: Frisk|[of] p1a: Exeggutor|[identify]\n|move|p2a: Hippowdon|Slack Off|p2a: Hippowdon\n|-heal|p2a: Hippowdon|299/304\n|\n|-heal|p2a: Hippowdon|304/304|[from] item: Leftovers\n|-damage|p1a: Exeggutor|198/304 tox|[from] psn\n|upkeep\n|turn|9\n|\n|t:|1601994201\n|switch|p2a: Arcanine|Arcanine, L84, M|288/288\n|-ability|p2a: Arcanine|Intimidate|boost\n|-unboost|p1a: Exeggutor|atk|1\n|move|p1a: Exeggutor|Giga Drain|p2a: Arcanine\n|-resisted|p2a: Arcanine\n|-damage|p2a: Arcanine|215/288\n|-heal|p1a: Exeggutor|235/304 tox|[from] drain|[of] p2a: Arcanine\n|-damage|p1a: Exeggutor|205/304 tox|[from] item: Life Orb\n|\n|-damage|p1a: Exeggutor|167/304 tox|[from] psn\n|upkeep\n|turn|10\n|\n|t:|1601994218\n|switch|p1a: Jellicent|Jellicent, L86, M|312/312\n|move|p2a: Arcanine|Flare Blitz|p1a: Jellicent\n|-resisted|p1a: Jellicent\n|-damage|p1a: Jellicent|228/312\n|-damage|p2a: Arcanine|187/288|[from] Recoil\n|\n|-heal|p1a: Jellicent|247/312|[from] item: Leftovers\n|upkeep\n|turn|11\n|\n|t:|1601994224\n|move|p2a: Arcanine|Toxic|p1a: Jellicent\n|-status|p1a: Jellicent|tox\n|move|p1a: Jellicent|Scald|p2a: Arcanine\n|-supereffective|p2a: Arcanine\n|-damage|p2a: Arcanine|11/288\n|\n|-heal|p1a: Jellicent|266/312 tox|[from] item: Leftovers\n|-damage|p1a: Jellicent|247/312 tox|[from] psn\n|upkeep\n|turn|12\n|\n|t:|1601994234\n|move|p2a: Arcanine|Flare Blitz|p1a: Jellicent\n|-resisted|p1a: Jellicent\n|-damage|p1a: Jellicent|169/312 tox\n|-damage|p2a: Arcanine|0 fnt|[from] Recoil\n|faint|p2a: Arcanine\n|move|p1a: Jellicent|Shadow Ball|p2: Arcanine|[notarget]\n|-fail|p1a: Jellicent\n|\n|-heal|p1a: Jellicent|188/312 tox|[from] item: Leftovers\n|-damage|p1a: Jellicent|150/312 tox|[from] psn\n|upkeep\n|\n|t:|1601994238\n|switch|p2a: Krookodile|Krookodile, L82, F|290/290\n|-ability|p2a: Krookodile|Intimidate|boost\n|-unboost|p1a: Jellicent|atk|1\n|turn|13\n|\n|t:|1601994259\n|move|p2a: Krookodile|Earthquake|p1a: Jellicent\n|-damage|p1a: Jellicent|0 fnt\n|-damage|p2a: Krookodile|261/290|[from] item: Life Orb\n|faint|p1a: Jellicent\n|\n|upkeep\n|\n|t:|1601994266\n|switch|p1a: Exeggutor|Exeggutor-Alola, L86, F|167/304 tox\n|-item|p2a: Krookodile|Life Orb|[from] ability: Frisk|[of] p1a: Exeggutor|[identify]\n|turn|14\n|\n|t:|1601994274\n|switch|p2a: Manectric|Manectric, L88, F|75/266\n|move|p1a: Exeggutor|Giga Drain|p2a: Manectric\n|-damage|p2a: Manectric|0 fnt\n|-heal|p1a: Exeggutor|205/304 tox|[from] drain|[of] p2a: Manectric\n|-damage|p1a: Exeggutor|175/304 tox|[from] item: Life Orb\n|faint|p2a: Manectric\n|\n|-damage|p1a: Exeggutor|156/304 tox|[from] psn\n|upkeep\n|\n|t:|1601994276\n|switch|p2a: Froslass|Froslass, L86, F|261/261\n|turn|15\n|j| ryanarnold22\n|\n|t:|1601994281\n|switch|p1a: Melmetal|Melmetal, L76|330/330\n|move|p2a: Froslass|Triple Axel|p1a: Melmetal\n|-resisted|p1a: Melmetal\n|-damage|p1a: Melmetal|322/330\n|-resisted|p1a: Melmetal\n|-damage|p1a: Melmetal|307/330\n|-resisted|p1a: Melmetal\n|-damage|p1a: Melmetal|287/330\n|-hitcount|p1a: Melmetal|3\n|\n|-heal|p1a: Melmetal|307/330|[from] item: Leftovers\n|upkeep\n|turn|16\n|\n|t:|1601994303\n|switch|p2a: Hippowdon|Hippowdon, L80, M|304/304\n|-weather|Sandstorm|[from] ability: Sand Stream|[of] p2a: Hippowdon\n|move|p1a: Melmetal|Double Iron Bash|p2a: Hippowdon\n|-damage|p2a: Hippowdon|225/304\n|-damage|p2a: Hippowdon|156/304\n|-hitcount|p2a: Hippowdon|2\n|\n|-weather|Sandstorm|[upkeep]\n|-heal|p2a: Hippowdon|175/304|[from] item: Leftovers\n|-heal|p1a: Melmetal|327/330|[from] item: Leftovers\n|upkeep\n|turn|17\n|inactive|Aquaza has 120 seconds left.\n|\n|t:|1601994333\n|switch|p1a: Garbodor|Garbodor, L86, M|278/278\n|move|p2a: Hippowdon|Earthquake|p1a: Garbodor\n|-supereffective|p1a: Garbodor\n|-damage|p1a: Garbodor|32/278\n|\n|-weather|Sandstorm|[upkeep]\n|-damage|p1a: Garbodor|15/278|[from] Sandstorm\n|-heal|p1a: Garbodor|32/278|[from] item: Black Sludge\n|-heal|p2a: Hippowdon|194/304|[from] item: Leftovers\n|upkeep\n|turn|18\n|\n|t:|1601994347\n|switch|p2a: Hatterene|Hatterene, L80, F|131/222\n|move|p1a: Garbodor|Gunk Shot|p2a: Hatterene\n|-supereffective|p2a: Hatterene\n|-damage|p2a: Hatterene|0 fnt\n|faint|p2a: Hatterene\n|\n|-weather|Sandstorm|[upkeep]\n|-damage|p1a: Garbodor|15/278|[from] Sandstorm\n|-heal|p1a: Garbodor|32/278|[from] item: Black Sludge\n|upkeep\n|\n|t:|1601994355\n|switch|p2a: Froslass|Froslass, L86, F|261/261\n|turn|19\n|inactive|Aquaza has 120 seconds left.\n|\n|t:|1601994365\n|move|p2a: Froslass|Spikes|p1a: Garbodor\n|-sidestart|p1: Aquaza|Spikes\n|move|p1a: Garbodor|Pain Split|p2a: Froslass\n|-sethp|p2a: Froslass|146/261|[from] move: Pain Split|[silent]\n|-sethp|p1a: Garbodor|146/278|[from] move: Pain Split\n|\n|-weather|Sandstorm|[upkeep]\n|-damage|p2a: Froslass|130/261|[from] Sandstorm\n|-damage|p1a: Garbodor|129/278|[from] Sandstorm\n|-heal|p1a: Garbodor|146/278|[from] item: Black Sludge\n|upkeep\n|turn|20\n|\n|t:|1601994375\n|move|p2a: Froslass|Triple Axel|p1a: Garbodor\n|-damage|p1a: Garbodor|127/278\n|-damage|p1a: Garbodor|85/278\n|-damage|p1a: Garbodor|24/278\n|-hitcount|p1a: Garbodor|3\n|move|p1a: Garbodor|Spikes|p2a: Froslass\n|-sidestart|p2: BinaryIllusion|Spikes\n|\n|-weather|none\n|-heal|p1a: Garbodor|41/278|[from] item: Black Sludge\n|upkeep\n|turn|21\n|\n|t:|1601994383\n|move|p2a: Froslass|Spikes|p1a: Garbodor\n|-sidestart|p1: Aquaza|Spikes\n|move|p1a: Garbodor|Spikes|p2a: Froslass\n|-sidestart|p2: BinaryIllusion|Spikes\n|\n|-heal|p1a: Garbodor|58/278|[from] item: Black Sludge\n|upkeep\n|turn|22\n|\n|t:|1601994386\n|move|p2a: Froslass|Taunt|p1a: Garbodor\n|-start|p1a: Garbodor|move: Taunt\n|cant|p1a: Garbodor|move: Taunt|Spikes\n|\n|-heal|p1a: Garbodor|75/278|[from] item: Black Sludge\n|upkeep\n|turn|23\n|\n|t:|1601994390\n|move|p2a: Froslass|Spikes|p1a: Garbodor\n|-sidestart|p1: Aquaza|Spikes\n|move|p1a: Garbodor|Gunk Shot|p2a: Froslass\n|-resisted|p2a: Froslass\n|-damage|p2a: Froslass|55/261\n|-status|p2a: Froslass|psn\n|\n|-heal|p1a: Garbodor|92/278|[from] item: Black Sludge\n|-damage|p2a: Froslass|23/261 psn|[from] psn\n|upkeep\n|turn|24\n|\n|t:|1601994405\n|move|p2a: Froslass|Poltergeist|p1a: Garbodor\n|-activate|p1a: Garbodor|move: Poltergeist|Black Sludge\n|-damage|p1a: Garbodor|0 fnt\n|faint|p1a: Garbodor\n|\n|-damage|p2a: Froslass|0 fnt|[from] psn\n|faint|p2a: Froslass\n|upkeep\n|\n|t:|1601994430\n|switch|p2a: Hippowdon|Hippowdon, L80, M|194/304\n|switch|p1a: Stunfisk|Stunfisk, L88, M|335/335\n|-damage|p1a: Stunfisk|252/335|[from] Spikes\n|-damage|p2a: Hippowdon|144/304|[from] Spikes\n|-weather|Sandstorm|[from] ability: Sand Stream|[of] p2a: Hippowdon\n|turn|25\n|\n|t:|1601994438\n|move|p1a: Stunfisk|Earth Power|p2a: Hippowdon\n|-damage|p2a: Hippowdon|41/304\n|move|p2a: Hippowdon|Slack Off|p2a: Hippowdon\n|-heal|p2a: Hippowdon|193/304\n|\n|-weather|Sandstorm|[upkeep]\n|-heal|p2a: Hippowdon|212/304|[from] item: Leftovers\n|upkeep\n|turn|26\n|\n|t:|1601994447\n|move|p1a: Stunfisk|Earth Power|p2a: Hippowdon\n|-crit|p2a: Hippowdon\n|-damage|p2a: Hippowdon|31/304\n|move|p2a: Hippowdon|Slack Off|p2a: Hippowdon\n|-heal|p2a: Hippowdon|183/304\n|\n|-weather|Sandstorm|[upkeep]\n|-heal|p2a: Hippowdon|202/304|[from] item: Leftovers\n|upkeep\n|turn|27\n|\n|t:|1601994455\n|move|p1a: Stunfisk|Earth Power|p2a: Hippowdon\n|-damage|p2a: Hippowdon|96/304\n|move|p2a: Hippowdon|Slack Off|p2a: Hippowdon\n|-heal|p2a: Hippowdon|248/304\n|\n|-weather|Sandstorm|[upkeep]\n|-heal|p2a: Hippowdon|267/304|[from] item: Leftovers\n|upkeep\n|turn|28\n|\n|t:|1601994463\n|move|p1a: Stunfisk|Earth Power|p2a: Hippowdon\n|-crit|p2a: Hippowdon\n|-damage|p2a: Hippowdon|96/304\n|move|p2a: Hippowdon|Earthquake|p1a: Stunfisk\n|-supereffective|p1a: Stunfisk\n|-damage|p1a: Stunfisk|52/335\n|\n|-weather|Sandstorm|[upkeep]\n|-heal|p2a: Hippowdon|115/304|[from] item: Leftovers\n|upkeep\n|turn|29\n|\n|t:|1601994469\n|move|p1a: Stunfisk|Earth Power|p2a: Hippowdon\n|-damage|p2a: Hippowdon|13/304\n|move|p2a: Hippowdon|Slack Off|p2a: Hippowdon\n|-heal|p2a: Hippowdon|165/304\n|\n|-weather|none\n|-heal|p2a: Hippowdon|184/304|[from] item: Leftovers\n|upkeep\n|turn|30\n|\n|t:|1601994474\n|move|p1a: Stunfisk|Earth Power|p2a: Hippowdon\n|-damage|p2a: Hippowdon|70/304\n|move|p2a: Hippowdon|Slack Off|p2a: Hippowdon\n|-heal|p2a: Hippowdon|222/304\n|\n|-heal|p2a: Hippowdon|241/304|[from] item: Leftovers\n|upkeep\n|turn|31\n|\n|t:|1601994478\n|move|p1a: Stunfisk|Earth Power|p2a: Hippowdon\n|-damage|p2a: Hippowdon|127/304\n|move|p2a: Hippowdon|Slack Off|p2a: Hippowdon\n|-heal|p2a: Hippowdon|279/304\n|\n|-heal|p2a: Hippowdon|298/304|[from] item: Leftovers\n|upkeep\n|turn|32\n|\n|t:|1601994483\n|move|p1a: Stunfisk|Earth Power|p2a: Hippowdon\n|-crit|p2a: Hippowdon\n|-damage|p2a: Hippowdon|136/304\n|move|p2a: Hippowdon|Slack Off|p2a: Hippowdon\n|-heal|p2a: Hippowdon|288/304\n|\n|-heal|p2a: Hippowdon|304/304|[from] item: Leftovers\n|upkeep\n|turn|33\n|\n|t:|1601994489\n|move|p1a: Stunfisk|Earth Power|p2a: Hippowdon\n|-damage|p2a: Hippowdon|190/304\n|move|p2a: Hippowdon|Slack Off|p2a: Hippowdon\n|-heal|p2a: Hippowdon|304/304\n|\n|upkeep\n|turn|34\n|\n|t:|1601994492\n|switch|p1a: Gothitelle|Gothitelle, L88, F|266/266\n|-damage|p1a: Gothitelle|200/266|[from] Spikes\n|move|p2a: Hippowdon|Slack Off||[still]\n|-fail|p2a: Hippowdon|heal\n|\n|-heal|p1a: Gothitelle|216/266|[from] item: Leftovers\n|upkeep\n|turn|35\n|\n|t:|1601994497\n|move|p1a: Gothitelle|Nasty Plot|p1a: Gothitelle\n|-boost|p1a: Gothitelle|spa|2\n|move|p2a: Hippowdon|Whirlwind|p1a: Gothitelle\n|drag|p1a: Melmetal|Melmetal, L76|327/330\n|-damage|p1a: Melmetal|245/330|[from] Spikes\n|\n|-heal|p1a: Melmetal|265/330|[from] item: Leftovers\n|upkeep\n|turn|36\n|l| ryanarnold22\n|\n|t:|1601994510\n|switch|p1a: Stunfisk|Stunfisk, L88, M|52/335\n|-damage|p1a: Stunfisk|0 fnt|[from] Spikes\n|faint|p1a: Stunfisk\n|move|p2a: Hippowdon|Earthquake|p1: Stunfisk|[notarget]\n|-fail|p2a: Hippowdon\n|\n|upkeep\n|\n|t:|1601994517\n|switch|p1a: Exeggutor|Exeggutor-Alola, L86, F|156/304 tox\n|-damage|p1a: Exeggutor|80/304 tox|[from] Spikes\n|-item|p2a: Hippowdon|Leftovers|[from] ability: Frisk|[of] p1a: Exeggutor|[identify]\n|turn|37\n|\n|t:|1601994526\n|-start|p2a: Hippowdon|Dynamax\n|-heal|p2a: Hippowdon|608/608|[silent]\n|move|p2a: Hippowdon|Max Guard|p2a: Hippowdon\n|-singleturn|p2a: Hippowdon|Max Guard\n|move|p1a: Exeggutor|Trick Room|p1a: Exeggutor\n|-fieldstart|move: Trick Room|[of] p1a: Exeggutor\n|\n|-damage|p1a: Exeggutor|61/304 tox|[from] psn\n|upkeep\n|turn|38\n|\n|t:|1601994532\n|move|p1a: Exeggutor|Giga Drain|p2a: Hippowdon\n|-supereffective|p2a: Hippowdon\n|-damage|p2a: Hippowdon|280/608\n|-heal|p1a: Exeggutor|225/304 tox|[from] drain|[of] p2a: Hippowdon\n|-damage|p1a: Exeggutor|195/304 tox|[from] item: Life Orb\n|move|p2a: Hippowdon|Max Quake|p1a: Exeggutor\n|-resisted|p1a: Exeggutor\n|-damage|p1a: Exeggutor|128/304 tox\n|-boost|p2a: Hippowdon|spd|1\n|\n|-heal|p2a: Hippowdon|299/608|[from] item: Leftovers\n|-damage|p1a: Exeggutor|90/304 tox|[from] psn\n|upkeep\n|turn|39\n|\n|t:|1601994545\n|-start|p1a: Exeggutor|Dynamax\n|-heal|p1a: Exeggutor|180/608 tox|[silent]\n|move|p1a: Exeggutor|Max Overgrowth|p2a: Hippowdon\n|-supereffective|p2a: Hippowdon\n|-damage|p2a: Hippowdon|0 fnt\n|-fieldstart|move: Grassy Terrain\n|-damage|p1a: Exeggutor|150/608 tox|[from] item: Life Orb\n|faint|p2a: Hippowdon\n|\n|-heal|p1a: Exeggutor|169/608 tox|[from] Grassy Terrain\n|-damage|p1a: Exeggutor|112/608 tox|[from] psn\n|upkeep\n|-message|BinaryIllusion forfeited.\n|\n|win|Aquaza\n|l|\u2606BinaryIllusion\n|raw|Aquaza's rating: 2533 &rarr; <strong>2549</strong><br />(+16 for winning)\n|raw|BinaryIllusion's rating: 2451 &rarr; <strong>2436</strong><br />(-15 for losing)\n", "inputlog": ">version c40e88d2d8ae81d681ca68114f36210acc5f6c46\n>start {\"formatid\":\"gen8randombattle\",\"seed\":[17627,52974,38094,35492],\"rated\":\"Rated battle\"}\n>player p1 {\"name\":\"Aquaza\",\"avatar\":\"cress\",\"team\":\"\",\"rating\":2533,\"seed\":[38840,7439,183,42507]}\n>player p2 {\"name\":\"BinaryIllusion\",\"avatar\":\"giovanni\",\"team\":\"\",\"rating\":2450,\"seed\":[47380,62322,59065,18493]}\n>p1 switch 5\n>p2 switch 3\n>p1 move earthpower\n>p2 switch 6\n>p1 move earthpower\n>p2 switch 5\n>p1 switch 4\n>p2 move toxic\n>p1 move gigadrain\n>p2 switch 6\n>p1 switch 4\n>p2 move switcheroo\n>p1 move earthpower\n>p2 switch 6\n>p1 switch 4\n>p2 move slackoff\n>p1 move gigadrain\n>p2 switch 3\n>p1 switch 5\n>p2 move flareblitz\n>p1 move scald\n>p2 move toxic\n>p1 move shadowball\n>p2 move flareblitz\n>p2 switch 4\n>p1 move scald\n>p2 move earthquake\n>p1 switch 5\n>p1 move gigadrain\n>p2 switch 6\n>p2 switch 2\n>p1 switch 3\n>p2 move tripleaxel\n>p1 move doubleironbash\n>p2 switch 3\n>p1 switch 6\n>p2 move earthquake\n>p1 move gunkshot\n>p2 switch 5\n>p2 switch 3\n>p1 move painsplit\n>p2 move spikes\n>p1 move spikes\n>p2 move tripleaxel\n>p1 move spikes\n>p2 move spikes\n>p1 move spikes\n>p2 move taunt\n>p1 move gunkshot\n>p2 move spikes\n>p1 move gunkshot\n>p2 move poltergeist\n>p1 switch 4\n>p2 switch 5\n>p1 move earthpower\n>p2 move slackoff\n>p1 move earthpower\n>p2 move slackoff\n>p1 move earthpower\n>p2 move slackoff\n>p1 move earthpower\n>p2 move earthquake\n>p1 move earthpower\n>p2 move slackoff\n>p1 move earthpower\n>p2 move slackoff\n>p1 move earthpower\n>p2 move slackoff\n>p1 move earthpower\n>p2 move slackoff\n>p1 move earthpower\n>p2 move slackoff\n>p1 switch 2\n>p2 move slackoff\n>p1 move nastyplot\n>p2 move whirlwind\n>p1 switch 2\n>p2 move earthquake\n>p1 switch 3\n>p1 move trickroom\n>p2 move slackoff dynamax\n>p1 move gigadrain\n>p2 move earthquake dynamax\n>p1 move gigadrain dynamax\n>p2 move earthquake dynamax", "uploadtime": 1601994557, "views": 128, "p1id": "aquaza", "p2id": "binaryillusion", "formatid": "gen8randombattle", "rating": 2436, "private": 0, "password": null}