{"id": "gen8randombattle-1862122885", "p1": "lauda Mera", "p2": "WYadielxD", "format": "[Gen 8] Random Battle", "log": "|j|\u2606lauda Mera\n|j|\u203dWYadielxD\n|t:|1683839343\n|gametype|singles\n|player|p1|lauda Mera|hilbert-wonderlauncher|1494\n|player|p2|WYadielxD|101|1236\n|teamsize|p1|6\n|teamsize|p2|6\n|gen|8\n|tier|[Gen 8] Random Battle\n|rated|\n|rule|Species Clause: Limit one of each Pok\u00e9mon\n|rule|HP Percentage Mod: HP is shown in percentages\n|rule|Sleep Clause Mod: Limit one foe put to sleep\n|\n|t:|1683839344\n|start\n|switch|p1a: Kartana|Kartana, L74|209/209\n|switch|p2a: Moltres|Moltres-Galar, L75|259/259\n|turn|1\n|inactive|Battle timer is ON: inactive players will automatically lose when time's up. (requested by lauda Mera)\n|\n|t:|1683839352\n|move|p1a: Kartana|Swords Dance|p1a: Kartana\n|-boost|p1a: Kartana|atk|2\n|move|p2a: Moltres|Nasty Plot|p2a: Moltres\n|-boost|p2a: Moltres|spa|2\n|\n|upkeep\n|turn|2\n|\n|t:|1683839362\n|-start|p1a: Kartana|Dynamax|\n|-heal|p1a: Kartana|418/418|[silent]\n|move|p1a: Kartana|Max Steelspike|p2a: Moltres\n|-damage|p2a: Moltres|0 fnt\n|-boost|p1a: Kartana|def|1\n|faint|p2a: Moltres\n|-ability|p1a: Kartana|Beast Boost|boost\n|-boost|p1a: Kartana|atk|1\n|-damage|p1a: Kartana|398/418|[from] item: Life Orb\n|\n|upkeep\n|\n|t:|1683839370\n|switch|p2a: Jolteon|Jolteon, L82, M|241/241\n|turn|3\n|\n|t:|1683839376\n|move|p2a: Jolteon|Thunderbolt|p1a: Kartana\n|-resisted|p1a: Kartana\n|-damage|p1a: Kartana|230/418\n|move|p1a: Kartana|Max Overgrowth|p2a: Jolteon\n|-damage|p2a: Jolteon|0 fnt\n|-fieldstart|move: Grassy Terrain\n|faint|p2a: Jolteon\n|-ability|p1a: Kartana|Beast Boost|boost\n|-boost|p1a: Kartana|atk|1\n|-damage|p1a: Kartana|210/418|[from] item: Life Orb\n|\n|-heal|p1a: Kartana|223/418|[from] Grassy Terrain\n|upkeep\n|\n|t:|1683839383\n|switch|p2a: Cherrim|Cherrim, L93, F|281/281\n|turn|4\n|\n|t:|1683839397\n|move|p2a: Cherrim|Energy Ball|p1a: Kartana\n|-resisted|p1a: Kartana\n|-damage|p1a: Kartana|143/418\n|move|p1a: Kartana|Max Steelspike|p2a: Cherrim\n|-damage|p2a: Cherrim|0 fnt\n|-boost|p1a: Kartana|def|1\n|faint|p2a: Cherrim\n|-ability|p1a: Kartana|Beast Boost|boost\n|-boost|p1a: Kartana|atk|1\n|-damage|p1a: Kartana|123/418|[from] item: Life Orb\n|\n|-heal|p1a: Kartana|136/418|[from] Grassy Terrain\n|upkeep\n|\n|t:|1683839406\n|switch|p2a: Jirachi|Jirachi, L79|288/288\n|-end|p1a: Kartana|Dynamax\n|-heal|p1a: Kartana|68/209|[silent]\n|turn|5\n|\n|t:|1683839410\n|-start|p2a: Jirachi|Dynamax|\n|-heal|p2a: Jirachi|576/576|[silent]\n|move|p1a: Kartana|Knock Off|p2a: Jirachi\n|-supereffective|p2a: Jirachi\n|-damage|p2a: Jirachi|0 fnt\n|-enditem|p2a: Jirachi|Leftovers|[from] move: Knock Off|[of] p1a: Kartana\n|faint|p2a: Jirachi\n|-ability|p1a: Kartana|Beast Boost|boost\n|-boost|p1a: Kartana|atk|1\n|-damage|p1a: Kartana|48/209|[from] item: Life Orb\n|\n|-heal|p1a: Kartana|61/209|[from] Grassy Terrain\n|upkeep\n|\n|t:|1683839416\n|switch|p2a: Sableye|Sableye, L88, F|231/231\n|turn|6\n|\n|t:|1683839442\n|move|p1a: Kartana|Leaf Blade|p2a: Sableye\n|-damage|p2a: Sableye|0 fnt\n|faint|p2a: Sableye\n|-damage|p1a: Kartana|41/209|[from] item: Life Orb\n|\n|-heal|p1a: Kartana|54/209|[from] Grassy Terrain\n|upkeep\n|\n|t:|1683839446\n|switch|p2a: Rayquaza|Rayquaza, L74|277/277\n|-ability|p2a: Rayquaza|Air Lock\n|turn|7\n|\n|t:|1683839450\n|move|p1a: Kartana|Smart Strike|p2a: Rayquaza\n|-damage|p2a: Rayquaza|0 fnt\n|faint|p2a: Rayquaza\n|-damage|p1a: Kartana|34/209|[from] item: Life Orb\n|\n|win|lauda Mera\n|raw|lauda Mera's rating: 1494 &rarr; <strong>1501</strong><br />(+7 for winning)\n|raw|WYadielxD's rating: 1236 &rarr; <strong>1227</strong><br />(-9 for losing)\n", "inputlog": ">version bce759c5f189753f4322d11c9e5aa78bbe1b1bf9\n>start {\"formatid\":\"gen8randombattle\",\"seed\":[65022,41337,57297,16170],\"rated\":\"Rated battle\"}\n>player p1 {\"name\":\"lauda Mera\",\"avatar\":\"hilbert-wonderlauncher\",\"rating\":1494,\"seed\":[36653,53882,7269,61664]}\n>player p2 {\"name\":\"WYadielxD\",\"avatar\":\"101\",\"rating\":1236,\"seed\":[13105,31361,60913,38143]}\n>p1 move swordsdance\n>p2 move nastyplot\n>p1 move smartstrike dynamax\n>p2 move fierywrath\n>p2 switch 5\n>p1 move leafblade dynamax\n>p2 move thunderbolt\n>p2 switch 6\n>p1 move smartstrike dynamax\n>p2 move energyball\n>p2 switch 4\n>p1 move knockoff\n>p2 move firepunch dynamax\n>p2 switch 2\n>p1 move leafblade\n>p2 move knockoff\n>p2 switch 3\n>p1 move smartstrike\n>p2 move vcreate", "uploadtime": 1683839453, "views": 7, "p1id": "laudamera", "p2id": "wyadielxd", "formatid": "gen8randombattle", "rating": 1227, "private": 0, "password": ""}