{"id": "gen8randombattle-1571709986", "p1": "Appelsap", "p2": "35Q71N", "format": "[Gen 8] Random Battle", "log": "|j|\u2606Appelsap\n|j|\u260635Q71N\n|t:|1652190657\n|gametype|singles\n|player|p1|Appelsap|169|2406\n|player|p2|35Q71N|byron|2428\n|teamsize|p1|6\n|teamsize|p2|6\n|gen|8\n|tier|[Gen 8] Random Battle\n|rated|\n|rule|Species Clause: Limit one of each Pok\u00e9mon\n|rule|HP Percentage Mod: HP is shown in percentages\n|rule|Sleep Clause Mod: Limit one foe put to sleep\n|\n|t:|1652190657\n|start\n|switch|p1a: Naganadel|Naganadel, L74|230/230\n|switch|p2a: Dracovish|Dracovish, L80|275/275\n|turn|1\n|c|\u260635Q71N|glhf\n|c|\u2606Appelsap|u2\n|\n|t:|1652190739\n|switch|p2a: Aromatisse|Aromatisse, L88, F|321/321\n|move|p1a: Naganadel|Draco Meteor|p2a: Aromatisse\n|-immune|p2a: Aromatisse\n|\n|upkeep\n|turn|2\n|\n|t:|1652190801\n|switch|p1a: Heatmor|Heatmor, L90, M|299/299\n|switch|p2a: Milotic|Milotic, L82, M|290/290\n|\n|upkeep\n|turn|3\n|\n|t:|1652190819\n|switch|p1a: Gothitelle|Gothitelle, L86, F|261/261\n|move|p2a: Milotic|Scald|p1a: Gothitelle\n|-damage|p1a: Gothitelle|189/261\n|\n|-heal|p1a: Gothitelle|205/261|[from] item: Leftovers\n|upkeep\n|turn|4\n|\n|t:|1652190842\n|move|p2a: Milotic|Toxic|p1a: Gothitelle\n|-status|p1a: Gothitelle|tox\n|move|p1a: Gothitelle|Nasty Plot|p1a: Gothitelle\n|-boost|p1a: Gothitelle|spa|2\n|\n|-heal|p1a: Gothitelle|221/261 tox|[from] item: Leftovers\n|-damage|p1a: Gothitelle|205/261 tox|[from] psn\n|upkeep\n|turn|5\n|\n|t:|1652190845\n|move|p2a: Milotic|Haze|p2a: Milotic\n|-clearallboost\n|move|p1a: Gothitelle|Thunderbolt|p2a: Milotic\n|-supereffective|p2a: Milotic\n|-damage|p2a: Milotic|180/290\n|\n|-heal|p2a: Milotic|198/290|[from] item: Leftovers\n|-heal|p1a: Gothitelle|221/261 tox|[from] item: Leftovers\n|-damage|p1a: Gothitelle|189/261 tox|[from] psn\n|upkeep\n|turn|6\n|\n|t:|1652190870\n|move|p2a: Milotic|Scald|p1a: Gothitelle\n|-damage|p1a: Gothitelle|116/261 tox\n|move|p1a: Gothitelle|Thunderbolt|p2a: Milotic\n|-supereffective|p2a: Milotic\n|-crit|p2a: Milotic\n|-damage|p2a: Milotic|46/290\n|\n|-heal|p2a: Milotic|64/290|[from] item: Leftovers\n|-heal|p1a: Gothitelle|132/261 tox|[from] item: Leftovers\n|-damage|p1a: Gothitelle|84/261 tox|[from] psn\n|upkeep\n|turn|7\n|\n|t:|1652190874\n|switch|p1a: Naganadel|Naganadel, L74|230/230\n|move|p2a: Milotic|Recover|p2a: Milotic\n|-heal|p2a: Milotic|209/290\n|\n|-heal|p2a: Milotic|227/290|[from] item: Leftovers\n|upkeep\n|turn|8\n|\n|t:|1652190915\n|move|p1a: Naganadel|Sludge Wave|p2a: Milotic\n|-damage|p2a: Milotic|122/290\n|move|p2a: Milotic|Scald|p1a: Naganadel\n|-resisted|p1a: Naganadel\n|-damage|p1a: Naganadel|175/230\n|\n|-heal|p2a: Milotic|140/290|[from] item: Leftovers\n|upkeep\n|turn|9\n|\n|t:|1652190923\n|move|p1a: Naganadel|Sludge Wave|p2a: Milotic\n|-damage|p2a: Milotic|17/290\n|move|p2a: Milotic|Recover|p2a: Milotic\n|-heal|p2a: Milotic|162/290\n|\n|-heal|p2a: Milotic|180/290|[from] item: Leftovers\n|upkeep\n|turn|10\n|\n|t:|1652190928\n|move|p1a: Naganadel|Sludge Wave|p2a: Milotic\n|-damage|p2a: Milotic|69/290\n|move|p2a: Milotic|Recover|p2a: Milotic\n|-heal|p2a: Milotic|214/290\n|\n|-heal|p2a: Milotic|232/290|[from] item: Leftovers\n|upkeep\n|turn|11\n|\n|t:|1652190936\n|switch|p1a: Rillaboom|Rillaboom, L78, M|284/284\n|-fieldstart|move: Grassy Terrain|[from] ability: Grassy Surge|[of] p1a: Rillaboom\n|-enditem|p1a: Rillaboom|Grassy Seed\n|-boost|p1a: Rillaboom|def|1|[from] item: Grassy Seed\n|move|p2a: Milotic|Recover|p2a: Milotic\n|-heal|p2a: Milotic|290/290\n|\n|upkeep\n|turn|12\n|\n|t:|1652190945\n|switch|p2a: Miltank|Miltank, L84, F|297/297\n|move|p1a: Rillaboom|Swords Dance|p1a: Rillaboom\n|-boost|p1a: Rillaboom|atk|2\n|\n|upkeep\n|turn|13\n|\n|t:|1652190996\n|switch|p2a: Mudsdale|Mudsdale, L82, M|298/298\n|move|p1a: Rillaboom|Swords Dance|p1a: Rillaboom\n|-boost|p1a: Rillaboom|atk|2\n|\n|upkeep\n|turn|14\n|j| clownemojiabuser\n|\n|t:|1652191021\n|move|p1a: Rillaboom|Grassy Glide|p2a: Mudsdale\n|-supereffective|p2a: Mudsdale\n|-damage|p2a: Mudsdale|0 fnt\n|faint|p2a: Mudsdale\n|\n|upkeep\n|\n|t:|1652191113\n|switch|p2a: Aromatisse|Aromatisse, L88, F|321/321\n|turn|15\n|\n|t:|1652191117\n|-start|p1a: Rillaboom|Dynamax|Gmax\n|-heal|p1a: Rillaboom|568/568|[silent]\n|move|p2a: Aromatisse|Protect|p2a: Aromatisse\n|-singleturn|p2a: Aromatisse|Protect\n|move|p1a: Rillaboom|Max Airstream|p2a: Aromatisse\n|-zbroken|p2a: Aromatisse\n|-damage|p2a: Aromatisse|250/321\n|-boost|p1a: Rillaboom|spe|1\n|\n|-heal|p2a: Aromatisse|270/321|[from] Grassy Terrain\n|-heal|p2a: Aromatisse|290/321|[from] item: Leftovers\n|-fieldend|move: Grassy Terrain\n|upkeep\n|turn|16\n|\n|t:|1652191170\n|switch|p2a: Dracovish|Dracovish, L80|275/275\n|move|p1a: Rillaboom|Max Quake|p2a: Dracovish\n|-damage|p2a: Dracovish|2/275\n|-boost|p1a: Rillaboom|spd|1\n|\n|upkeep\n|turn|17\n|\n|t:|1652191191\n|move|p1a: Rillaboom|Max Quake|p2a: Dracovish\n|-crit|p2a: Dracovish\n|-damage|p2a: Dracovish|0 fnt\n|-boost|p1a: Rillaboom|spd|1\n|faint|p2a: Dracovish\n|\n|upkeep\n|\n|t:|1652191253\n|switch|p2a: Aromatisse|Aromatisse, L88, F|290/321\n|-end|p1a: Rillaboom|Dynamax\n|-heal|p1a: Rillaboom|284/284|[silent]\n|turn|18\n|\n|t:|1652191266\n|-start|p2a: Aromatisse|Dynamax|\n|-heal|p2a: Aromatisse|580/642|[silent]\n|move|p1a: Rillaboom|Acrobatics|p2a: Aromatisse\n|-damage|p2a: Aromatisse|328/642\n|move|p2a: Aromatisse|Max Starfall|p1a: Rillaboom\n|-damage|p1a: Rillaboom|178/284\n|-fieldstart|move: Misty Terrain\n|\n|-heal|p2a: Aromatisse|348/642|[from] item: Leftovers\n|upkeep\n|turn|19\n|\n|t:|1652191280\n|move|p1a: Rillaboom|Acrobatics|p2a: Aromatisse\n|-damage|p2a: Aromatisse|78/642\n|move|p2a: Aromatisse|Max Starfall|p1a: Rillaboom\n|-damage|p1a: Rillaboom|73/284\n|\n|-heal|p2a: Aromatisse|98/642|[from] item: Leftovers\n|upkeep\n|turn|20\n|\n|t:|1652191304\n|move|p1a: Rillaboom|Acrobatics|p2a: Aromatisse\n|-damage|p2a: Aromatisse|0 fnt\n|faint|p2a: Aromatisse\n|\n|upkeep\n|\n|t:|1652191368\n|switch|p2a: Miltank|Miltank, L84, F|297/297\n|turn|21\n|\n|t:|1652191371\n|move|p1a: Rillaboom|Acrobatics|p2a: Miltank\n|-damage|p2a: Miltank|96/297\n|move|p2a: Miltank|Body Slam|p1a: Rillaboom\n|-damage|p1a: Rillaboom|13/284\n|\n|-heal|p2a: Miltank|114/297|[from] item: Leftovers\n|upkeep\n|turn|22\n|\n|t:|1652191419\n|move|p1a: Rillaboom|Acrobatics|p2a: Miltank\n|-damage|p2a: Miltank|0 fnt\n|faint|p2a: Miltank\n|\n|-fieldend|Misty Terrain\n|upkeep\n|\n|t:|1652191421\n|switch|p2a: Lycanroc|Lycanroc-Dusk, L80, F|251/251\n|turn|23\n|\n|t:|1652191428\n|move|p2a: Lycanroc|Accelerock|p1a: Rillaboom\n|-damage|p1a: Rillaboom|0 fnt\n|faint|p1a: Rillaboom\n|-damage|p2a: Lycanroc|226/251|[from] item: Life Orb\n|\n|upkeep\n|\n|t:|1652191442\n|switch|p1a: Heatmor|Heatmor, L90, M|299/299\n|turn|24\n|\n|t:|1652191460\n|move|p2a: Lycanroc|Stone Edge|p1a: Heatmor\n|-supereffective|p1a: Heatmor\n|-damage|p1a: Heatmor|0 fnt\n|faint|p1a: Heatmor\n|-damage|p2a: Lycanroc|201/251|[from] item: Life Orb\n|\n|upkeep\n|\n|t:|1652191501\n|switch|p1a: Naganadel|Naganadel, L74|175/230\n|turn|25\n|\n|t:|1652191516\n|switch|p2a: Milotic|Milotic, L82, M|290/290\n|move|p1a: Naganadel|Draco Meteor|p2a: Milotic\n|-damage|p2a: Milotic|133/290\n|-unboost|p1a: Naganadel|spa|2\n|\n|-heal|p2a: Milotic|151/290|[from] item: Leftovers\n|upkeep\n|turn|26\n|\n|t:|1652191524\n|switch|p1a: Guzzlord|Guzzlord, L84|512/512\n|move|p2a: Milotic|Recover|p2a: Milotic\n|-heal|p2a: Milotic|290/290\n|\n|upkeep\n|turn|27\n|\n|t:|1652191528\n|move|p2a: Milotic|Toxic|p1a: Guzzlord|[miss]\n|-miss|p2a: Milotic|p1a: Guzzlord\n|move|p1a: Guzzlord|Knock Off|p2a: Milotic\n|-damage|p2a: Milotic|181/290\n|-enditem|p2a: Milotic|Leftovers|[from] move: Knock Off|[of] p1a: Guzzlord\n|\n|upkeep\n|turn|28\n|\n|t:|1652191533\n|move|p2a: Milotic|Recover|p2a: Milotic\n|-heal|p2a: Milotic|290/290\n|move|p1a: Guzzlord|Sludge Bomb|p2a: Milotic\n|-damage|p2a: Milotic|241/290\n|-status|p2a: Milotic|psn\n|\n|-damage|p2a: Milotic|205/290 psn|[from] psn\n|upkeep\n|turn|29\n|j| celebyz\n|\n|t:|1652191550\n|switch|p1a: Gothitelle|Gothitelle, L86, F|84/261 tox\n|move|p2a: Milotic|Recover|p2a: Milotic\n|-heal|p2a: Milotic|290/290 psn\n|\n|-heal|p1a: Gothitelle|100/261 tox|[from] item: Leftovers\n|-damage|p2a: Milotic|254/290 psn|[from] psn\n|-damage|p1a: Gothitelle|84/261 tox|[from] psn\n|upkeep\n|turn|30\n|l| clownemojiabuser\n|\n|t:|1652191631\n|move|p2a: Milotic|Scald|p1a: Gothitelle\n|-damage|p1a: Gothitelle|9/261 tox\n|move|p1a: Gothitelle|Thunderbolt|p2a: Milotic\n|-supereffective|p2a: Milotic\n|-crit|p2a: Milotic\n|-damage|p2a: Milotic|104/290 psn\n|\n|-heal|p1a: Gothitelle|25/261 tox|[from] item: Leftovers\n|-damage|p2a: Milotic|68/290 psn|[from] psn\n|-damage|p1a: Gothitelle|0 fnt|[from] psn\n|faint|p1a: Gothitelle\n|upkeep\n|\n|t:|1652191640\n|switch|p1a: Spectrier|Spectrier, L74|270/270\n|turn|31\n|\n|t:|1652191648\n|move|p1a: Spectrier|Shadow Ball|p2a: Milotic\n|-damage|p2a: Milotic|0 fnt\n|faint|p2a: Milotic\n|-ability|p1a: Spectrier|Grim Neigh|boost\n|-boost|p1a: Spectrier|spa|1\n|\n|upkeep\n|\n|t:|1652191649\n|switch|p2a: Lycanroc|Lycanroc-Dusk, L80, F|201/251\n|turn|32\n|c|\u260635Q71N|gg\n|\n|t:|1652191663\n|move|p1a: Spectrier|Shadow Ball|p2a: Lycanroc\n|-damage|p2a: Lycanroc|11/251\n|move|p2a: Lycanroc|Stone Edge|p1a: Spectrier\n|-damage|p1a: Spectrier|40/270\n|-damage|p2a: Lycanroc|0 fnt|[from] item: Life Orb\n|faint|p2a: Lycanroc\n|\n|win|Appelsap\n|raw|Appelsap's rating: 2406 &rarr; <strong>2427</strong><br />(+21 for winning)\n|raw|35Q71N's rating: 2428 &rarr; <strong>2407</strong><br />(-21 for losing)\n|c|\u2606Appelsap|gg\n|c|\u2606Appelsap|thank god for rillaboom\n||Ladder isn't responding, score probably updated but might not have (Request timeout).\n|c|\u2606Appelsap|would never have broken your insane wall team otherwise\n|c|\u260635Q71N|I think I should have attacked it with Miltank\n|c|\u2606Appelsap|and hope for the para\n|c|\u260635Q71N|I thought about going for Toxic with Milotic, but it was too risky\n|c|\u260635Q71N|I needed Milo for Naga\n|c|\u2606Appelsap|tough spot\n|c|\u260635Q71N|In hindsight, I should have kept clicking Body Slam\n|c|\u260635Q71N|And then max with Aromatisse\n|c|\u2606Appelsap|i would have done the same in your position\n|c|\u260635Q71N|And Accelrock to finish it off\n|c|\u2606Appelsap|but prob not double into muds indeed\n|c|\u260635Q71N|Well, that's a relief at least ahah\n|c|\u260635Q71N|Yeah, I expected Airstream\n|c|\u2606Appelsap|well i thought that doesnt ko anyhow\n|c|\u260635Q71N|I completely blanked out on the possibility of double sd\n|c|\u2606Appelsap|and i figured i'd blast through some mons and then dmax naga\n|c|\u2606Appelsap|but when you gave me the free +4 i figured o well here we go\n|c|\u260635Q71N|Yeah...\n|c|\u260635Q71N|Naganadel was so scary\n|c|\u2606Appelsap|max air on aroma was purely to outspeed milo and not get hazed\n|c|\u260635Q71N|I even thought about maxing turn one\n|c|\u260635Q71N|Yup, it was definitely the right move on your part\n|c|\u2606Appelsap|but it was specced naga, so milo walls it completely\n|c|\u260635Q71N|Yes, but I didn't know that turn one\n|c|\u2606Appelsap|no ofc\n|c|\u260635Q71N|If you were Nasty Plot + LO I was in big trouble\n|c|\u2606Appelsap|if i had np there it was prob gg turn 1\n|c|\u260635Q71N|Yeah, if you click Nasty Plot turn one I don't know what I could have done\n|c|\u2606Appelsap|but i didnt want to risk you predicting that and psychic fanging me turn 1\n|c|\u2606Appelsap|so even with orb i prob would have meteored or doubled\n|c|\u260635Q71N|And it makes a lot of sense\n|c|\u2606Appelsap|anyhow gg wp\n|c|\u260635Q71N|u2\n|l|\u2606Appelsap\n|c|\u260635Q71N|Very well played\n", "inputlog": ">version 3115cfa9da4584a6803ed46aa555a31ae64bc6d8\n>start {\"formatid\":\"gen8randombattle\",\"seed\":[62685,52927,29918,43070],\"rated\":\"Rated battle\"}\n>player p1 {\"name\":\"Appelsap\",\"avatar\":\"169\",\"rating\":2406,\"seed\":[8745,35157,40853,6690]}\n>player p2 {\"name\":\"35Q71N\",\"avatar\":\"byron\",\"rating\":2428,\"seed\":[11417,3152,52216,2044]}\n>chat \u260635Q71N|glhf\n>chat \u2606Appelsap|u2\n>p1 move dracometeor\n>p2 switch 5\n>p1 switch 2\n>p2 switch 2\n>p1 switch 6\n>p2 move scald\n>p1 move nastyplot\n>p2 move toxic\n>p1 move thunderbolt\n>p2 move haze\n>p1 move thunderbolt\n>p2 move scald\n>p1 switch 2\n>p2 move recover\n>p1 move sludgewave\n>p2 move scald\n>p1 move sludgewave\n>p2 move recover\n>p1 move sludgewave\n>p2 move recover\n>p1 switch 5\n>p2 move recover\n>p1 move swordsdance\n>p2 switch 3\n>p1 move swordsdance\n>p2 switch 4\n>p1 move grassyglide\n>p2 move bodypress\n>p2 switch 2\n>p1 move acrobatics dynamax\n>p2 move protect\n>p1 move highhorsepower dynamax\n>p2 switch 5\n>p1 move highhorsepower dynamax\n>p2 move fishiousrend\n>p2 switch 5\n>p1 move acrobatics\n>p2 move moonblast dynamax\n>p1 move acrobatics\n>p2 move moonblast dynamax\n>p1 move acrobatics\n>p2 move moonblast dynamax\n>p2 switch 4\n>p1 move acrobatics\n>p2 move bodyslam\n>p1 move acrobatics\n>p2 move bodyslam\n>p2 switch 6\n>p1 move grassyglide\n>p2 move accelerock\n>p1 switch 6\n>p1 move gigadrain\n>p2 move stoneedge\n>p1 switch 5\n>p1 move dracometeor\n>p2 switch 3\n>p1 switch 3\n>p2 move recover\n>p1 move knockoff\n>p2 move toxic\n>p1 move sludgebomb\n>p2 move recover\n>p1 switch 2\n>p2 move recover\n>p1 move thunderbolt\n>p2 move scald\n>p1 switch 4\n>p1 move shadowball\n>p2 move scald\n>p2 switch 3\n>chat \u260635Q71N|gg\n>p1 move shadowball\n>p2 move stoneedge", "uploadtime": 1652191685, "views": 28, "p1id": "appelsap", "p2id": "35q71n", "formatid": "gen8randombattle", "rating": 2407, "private": 0, "password": null}