{"id": "gen8randombattle-1865794191", "p1": "JAJO3800", "p2": "Batata Eletronica", "format": "[Gen 8] Random Battle", "log": "|j|\u2606JAJO3800\n|j|\u2606Batata Eletronica\n|t:|1684338581\n|gametype|singles\n|player|p1|JAJO3800|102|\n|player|p2|Batata Eletronica|266|\n|teamsize|p1|6\n|teamsize|p2|6\n|gen|8\n|tier|[Gen 8] Random Battle\n|rule|Species Clause: Limit one of each Pok\u00e9mon\n|rule|HP Percentage Mod: HP is shown in percentages\n|rule|Sleep Clause Mod: Limit one foe put to sleep\n|\n|t:|1684338581\n|start\n|switch|p1a: Nihilego|Nihilego, L79|302/302\n|switch|p2a: Scrafty|Scrafty, L82, F|241/241\n|-ability|p2a: Scrafty|Intimidate|boost\n|-unboost|p1a: Nihilego|atk|1\n|turn|1\n|inactive|Battle timer is ON: inactive players will automatically lose when time's up. (requested by Batata Eletronica)\n|\n|t:|1684338605\n|move|p1a: Nihilego|Thunderbolt|p2a: Scrafty\n|-damage|p2a: Scrafty|188/241\n|move|p2a: Scrafty|Close Combat|p1a: Nihilego\n|-damage|p1a: Nihilego|116/302\n|-unboost|p2a: Scrafty|def|1\n|-unboost|p2a: Scrafty|spd|1\n|\n|-heal|p1a: Nihilego|134/302|[from] item: Black Sludge\n|upkeep\n|turn|2\n|inactive|JAJO3800 has 270 seconds left.\n|inactive|JAJO3800 has 240 seconds left.\n|\n|t:|1684338694\n|move|p1a: Nihilego|Power Gem|p2a: Scrafty\n|-resisted|p2a: Scrafty\n|-damage|p2a: Scrafty|134/241\n|move|p2a: Scrafty|Close Combat|p1a: Nihilego\n|-damage|p1a: Nihilego|0 fnt\n|-unboost|p2a: Scrafty|def|1\n|-unboost|p2a: Scrafty|spd|1\n|faint|p1a: Nihilego\n|\n|upkeep\n|\n|t:|1684338702\n|switch|p1a: Kyogre|Kyogre, L72|263/263\n|-weather|RainDance|[from] ability: Drizzle|[of] p1a: Kyogre\n|turn|3\n|inactive|Batata Eletronica has 270 seconds left.\n|\n|t:|1684338732\n|move|p1a: Kyogre|Origin Pulse|p2a: Scrafty\n|-damage|p2a: Scrafty|0 fnt\n|faint|p2a: Scrafty\n|\n|-weather|RainDance|[upkeep]\n|upkeep\n|inactive|Batata Eletronica has 270 seconds left.\n|\n|t:|1684338751\n|switch|p2a: Ferrothorn|Ferrothorn, L78, F|244/244\n|turn|4\n|\n|t:|1684338759\n|move|p1a: Kyogre|Origin Pulse|p2a: Ferrothorn\n|-resisted|p2a: Ferrothorn\n|-damage|p2a: Ferrothorn|166/244\n|move|p2a: Ferrothorn|Leech Seed|p1a: Kyogre\n|-start|p1a: Kyogre|move: Leech Seed\n|\n|-weather|RainDance|[upkeep]\n|-heal|p2a: Ferrothorn|181/244|[from] item: Leftovers\n|-damage|p1a: Kyogre|231/263|[from] Leech Seed|[of] p2a: Ferrothorn\n|-heal|p2a: Ferrothorn|213/244|[silent]\n|upkeep\n|turn|5\n|inactive|Batata Eletronica has 270 seconds left.\n|\n|t:|1684338773\n|move|p1a: Kyogre|Origin Pulse|p2a: Ferrothorn\n|-resisted|p2a: Ferrothorn\n|-damage|p2a: Ferrothorn|134/244\n|move|p2a: Ferrothorn|Gyro Ball|p1a: Kyogre\n|-resisted|p1a: Kyogre\n|-damage|p1a: Kyogre|147/263\n|\n|-weather|RainDance|[upkeep]\n|-heal|p2a: Ferrothorn|149/244|[from] item: Leftovers\n|-damage|p1a: Kyogre|115/263|[from] Leech Seed|[of] p2a: Ferrothorn\n|-heal|p2a: Ferrothorn|181/244|[silent]\n|upkeep\n|turn|6\n|inactive|Batata Eletronica has 270 seconds left.\n|inactive|JAJO3800 has 210 seconds left.\n|\n|t:|1684338815\n|switch|p1a: Audino|Audino, L91, F|335/335\n|move|p2a: Ferrothorn|Gyro Ball|p1a: Audino\n|-damage|p1a: Audino|253/335\n|\n|-weather|RainDance|[upkeep]\n|-heal|p1a: Audino|273/335|[from] item: Leftovers\n|-heal|p2a: Ferrothorn|196/244|[from] item: Leftovers\n|upkeep\n|turn|7\n|inactive|Batata Eletronica has 270 seconds left.\n|\n|t:|1684338836\n|switch|p2a: Mew|Mew, L80|291/291\n|move|p1a: Audino|Knock Off|p2a: Mew\n|-supereffective|p2a: Mew\n|-crit|p2a: Mew\n|-damage|p2a: Mew|129/291\n|-enditem|p2a: Mew|Lum Berry|[from] move: Knock Off|[of] p1a: Audino\n|\n|-weather|none\n|-heal|p1a: Audino|293/335|[from] item: Leftovers\n|upkeep\n|turn|8\n|\n|t:|1684338851\n|move|p2a: Mew|Close Combat|p1a: Audino\n|-supereffective|p1a: Audino\n|-damage|p1a: Audino|145/335\n|-unboost|p2a: Mew|def|1\n|-unboost|p2a: Mew|spd|1\n|move|p1a: Audino|Knock Off|p2a: Mew\n|-supereffective|p2a: Mew\n|-crit|p2a: Mew\n|-damage|p2a: Mew|0 fnt\n|faint|p2a: Mew\n|\n|-heal|p1a: Audino|165/335|[from] item: Leftovers\n|upkeep\n|\n|t:|1684338867\n|switch|p2a: Drapion|Drapion, L82, F|249/249\n|turn|9\n|\n|t:|1684338876\n|move|p2a: Drapion|Swords Dance|p2a: Drapion\n|-boost|p2a: Drapion|atk|2\n|move|p1a: Audino|Toxic|p2a: Drapion\n|-immune|p2a: Drapion\n|\n|-heal|p1a: Audino|185/335|[from] item: Leftovers\n|upkeep\n|turn|10\n|inactive|JAJO3800 has 210 seconds left.\n|\n|t:|1684338884\n|move|p2a: Drapion|Swords Dance|p2a: Drapion\n|-boost|p2a: Drapion|atk|2\n|move|p1a: Audino|Knock Off|p2a: Drapion\n|-resisted|p2a: Drapion\n|-damage|p2a: Drapion|226/249\n|-enditem|p2a: Drapion|Life Orb|[from] move: Knock Off|[of] p1a: Audino\n|\n|-heal|p1a: Audino|205/335|[from] item: Leftovers\n|upkeep\n|turn|11\n|inactive|JAJO3800 has 210 seconds left.\n|\n|t:|1684338898\n|switch|p1a: Moltres|Moltres-Galar, L75|259/259\n|move|p2a: Drapion|Swords Dance|p2a: Drapion\n|-boost|p2a: Drapion|atk|2\n|\n|upkeep\n|turn|12\n|inactive|Batata Eletronica has 270 seconds left.\n|\n|t:|1684338907\n|move|p2a: Drapion|Poison Jab|p1a: Moltres\n|-damage|p1a: Moltres|0 fnt\n|faint|p1a: Moltres\n|\n|upkeep\n|\n|t:|1684338912\n|switch|p1a: Pincurchin|Pincurchin, L88, M|228/228\n|-fieldstart|move: Electric Terrain|[from] ability: Electric Surge|[of] p1a: Pincurchin\n|turn|13\n|\n|t:|1684338919\n|move|p2a: Drapion|Earthquake|p1a: Pincurchin\n|-supereffective|p1a: Pincurchin\n|-enditem|p1a: Pincurchin|Shuca Berry|[eat]\n|-enditem|p1a: Pincurchin|Shuca Berry|[weaken]\n|-damage|p1a: Pincurchin|0 fnt\n|faint|p1a: Pincurchin\n|\n|upkeep\n|\n|t:|1684338925\n|switch|p1a: Tyranitar|Tyranitar, L78, M|284/284\n|-weather|Sandstorm|[from] ability: Sand Stream|[of] p1a: Tyranitar\n|turn|14\n|\n|t:|1684338933\n|-start|p1a: Tyranitar|Dynamax|\n|-heal|p1a: Tyranitar|568/568|[silent]\n|move|p2a: Drapion|Poison Jab|p1a: Tyranitar\n|-resisted|p1a: Tyranitar\n|-damage|p1a: Tyranitar|433/568\n|-status|p1a: Tyranitar|psn\n|-enditem|p1a: Tyranitar|Lum Berry|[eat]\n|-curestatus|p1a: Tyranitar|psn|[msg]\n|move|p1a: Tyranitar|Max Darkness|p2a: Drapion\n|-resisted|p2a: Drapion\n|-damage|p2a: Drapion|163/249\n|-unboost|p2a: Drapion|spd|1\n|\n|-weather|Sandstorm|[upkeep]\n|-damage|p2a: Drapion|148/249|[from] Sandstorm\n|upkeep\n|turn|15\n|\n|t:|1684338955\n|-start|p2a: Drapion|Dynamax|\n|-heal|p2a: Drapion|296/498|[silent]\n|move|p2a: Drapion|Max Quake|p1a: Tyranitar\n|-supereffective|p1a: Tyranitar\n|-damage|p1a: Tyranitar|0 fnt\n|-boost|p2a: Drapion|spd|1\n|faint|p1a: Tyranitar\n|\n|-weather|Sandstorm|[upkeep]\n|-damage|p2a: Drapion|281/498|[from] Sandstorm\n|upkeep\n|\n|t:|1684338964\n|switch|p1a: Kyogre|Kyogre, L72|115/263\n|-weather|RainDance|[from] ability: Drizzle|[of] p1a: Kyogre\n|turn|16\n|\n|t:|1684338969\n|move|p1a: Kyogre|Water Spout|p2a: Drapion\n|-damage|p2a: Drapion|166/498\n|move|p2a: Drapion|Max Ooze|p1a: Kyogre\n|-damage|p1a: Kyogre|0 fnt\n|-boost|p2a: Drapion|spa|1\n|faint|p1a: Kyogre\n|\n|-weather|RainDance|[upkeep]\n|upkeep\n|\n|t:|1684338979\n|switch|p1a: Audino|Audino, L91, F|316/335\n|turn|17\n|\n|t:|1684338986\n|move|p2a: Drapion|Max Ooze|p1a: Audino\n|-damage|p1a: Audino|16/335\n|-boost|p2a: Drapion|spa|1\n|move|p1a: Audino|Knock Off|p2a: Drapion\n|-resisted|p2a: Drapion\n|-damage|p2a: Drapion|149/498\n|\n|-weather|RainDance|[upkeep]\n|-heal|p1a: Audino|36/335|[from] item: Leftovers\n|-fieldend|move: Electric Terrain\n|upkeep\n|-end|p2a: Drapion|Dynamax\n|-heal|p2a: Drapion|75/249|[silent]\n|turn|18\n|inactive|JAJO3800 has 240 seconds left.\n|\n|t:|1684339000\n|move|p2a: Drapion|Knock Off|p1a: Audino\n|-damage|p1a: Audino|0 fnt\n|-enditem|p1a: Audino|Leftovers|[from] move: Knock Off|[of] p2a: Drapion\n|faint|p1a: Audino\n|\n|win|Batata Eletronica\n|l|\u2606JAJO3800\n", "inputlog": ">version 3f967b429d9dd76d8eb692efdd7dfe9038092d20\n>start {\"formatid\":\"gen8randombattle\",\"seed\":[10852,21070,17744,1020]}\n>player p1 {\"name\":\"JAJO3800\",\"avatar\":\"102\",\"rating\":0,\"seed\":[7610,18239,7630,43716]}\n>player p2 {\"name\":\"Batata Eletronica\",\"avatar\":\"266\",\"rating\":0,\"seed\":[40014,46009,35611,62045]}\n>p1 move thunderbolt\n>p2 move closecombat\n>p1 move powergem\n>p2 move closecombat\n>p1 switch 4\n>p1 move originpulse\n>p2 move poisonjab\n>p2 switch 5\n>p1 move originpulse\n>p2 move leechseed\n>p1 move originpulse\n>p2 move gyroball\n>p1 switch 5\n>p2 move gyroball\n>p1 move knockoff\n>p2 switch 2\n>p1 move knockoff\n>p2 move closecombat\n>p2 switch 6\n>p1 move toxic\n>p2 move swordsdance\n>p1 move knockoff\n>p2 move swordsdance\n>p1 switch 6\n>p2 move swordsdance\n>p1 move hurricane\n>p2 move poisonjab\n>p1 switch 3\n>p1 move scald\n>p2 move earthquake\n>p1 switch 2\n>p1 move crunch dynamax\n>p2 move poisonjab\n>p1 move stoneedge dynamax\n>p2 move earthquake dynamax\n>p1 switch 5\n>p1 move waterspout\n>p2 move poisonjab dynamax\n>p1 switch 6\n>p1 move knockoff\n>p2 move poisonjab dynamax\n>p1 move wish\n>p2 move knockoff", "uploadtime": 1684339011, "views": 9, "p1id": "jajo3800", "p2id": "batataeletronica", "formatid": "gen8randombattle", "rating": 0, "private": 0, "password": ""}