|j|☆MichaelderBeste2
|j|☆Aqua╰✦╮
|t:|1606491242
|player|p1|MichaelderBeste2|riley|2485
|player|p2|Aqua╰✦╮|cress|2453
|teamsize|p1|6
|teamsize|p2|6
|gametype|singles
|gen|8
|tier|[Gen 8] Random Battle
|rated|
|rule|Species Clause: Limit one of each Pokémon
|rule|HP Percentage Mod: HP is shown in percentages
|rule|Sleep Clause Mod: Limit one foe put to sleep
|
|t:|1606491242
|start
|switch|p1a: Manectric|Manectric, L88, F|266/266
|switch|p2a: Gourgeist|Gourgeist, L88, F|258/258
|-item|p1a: Manectric|Choice Scarf|[from] ability: Frisk|[of] p2a: Gourgeist|[identify]
|turn|1
|
|t:|1606491271
|switch|p2a: Mudsdale|Mudsdale, L84, M|305/305
|move|p1a: Manectric|Volt Switch|p2a: Mudsdale
|-immune|p2a: Mudsdale
|
|upkeep
|turn|2
|
|t:|1606491281
|switch|p1a: Yveltal|Yveltal, L72|300/300
|-ability|p1a: Yveltal|Dark Aura
|move|p2a: Mudsdale|Stealth Rock|p1a: Yveltal
|-sidestart|p1: MichaelderBeste2|move: Stealth Rock
|
|upkeep
|turn|3
|
|t:|1606491304
|switch|p2a: Rotom|Rotom-Heat, L82|216/216
|move|p1a: Yveltal|Knock Off|p2a: Rotom
|-damage|p2a: Rotom|108/216
|-enditem|p2a: Rotom|Heavy-Duty Boots|[from] move: Knock Off|[of] p1a: Yveltal
|
|upkeep
|turn|4
|
|t:|1606491340
|switch|p1a: Manectric|Manectric, L88, F|266/266
|-damage|p1a: Manectric|233/266|[from] Stealth Rock
|move|p2a: Rotom|Will-O-Wisp|p1a: Manectric
|-status|p1a: Manectric|brn
|
|-damage|p1a: Manectric|217/266 brn|[from] brn
|upkeep
|turn|5
|
|t:|1606491351
|move|p1a: Manectric|Switcheroo|p2a: Rotom
|-activate|p1a: Manectric|move: Trick|[of] p2a: Rotom
|-item|p2a: Rotom|Choice Scarf|[from] move: Switcheroo
|-enditem|p1a: Manectric|Choice Scarf|[silent]|[from] move: Switcheroo
|move|p2a: Rotom|Overheat|p1a: Manectric|[miss]
|-miss|p2a: Rotom|p1a: Manectric
|
|-damage|p1a: Manectric|201/266 brn|[from] brn
|upkeep
|turn|6
|
|t:|1606491360
|move|p2a: Rotom|Overheat|p1a: Manectric|[miss]
|-miss|p2a: Rotom|p1a: Manectric
|move|p1a: Manectric|Volt Switch|p2a: Rotom
|-resisted|p2a: Rotom
|-damage|p2a: Rotom|72/216
|
|t:|1606491365
|switch|p1a: Garbodor|Garbodor, L88, M|284/284
|-damage|p1a: Garbodor|249/284|[from] Stealth Rock
|
|-heal|p1a: Garbodor|266/284|[from] item: Black Sludge
|upkeep
|turn|7
|
|t:|1606491376
|switch|p2a: Mudsdale|Mudsdale, L84, M|305/305
|move|p1a: Garbodor|Toxic Spikes|p2a: Mudsdale
|-sidestart|p2: Aqua╰✦╮|move: Toxic Spikes
|
|-heal|p1a: Garbodor|283/284|[from] item: Black Sludge
|upkeep
|turn|8
|
|t:|1606491383
|switch|p1a: Yveltal|Yveltal, L72|300/300
|-ability|p1a: Yveltal|Dark Aura
|move|p2a: Mudsdale|Earthquake|p1a: Yveltal
|-immune|p1a: Yveltal
|
|upkeep
|turn|9
|
|t:|1606491389
|move|p1a: Yveltal|Knock Off|p2a: Mudsdale
|-damage|p2a: Mudsdale|187/305
|-ability|p2a: Mudsdale|Stamina|boost
|-boost|p2a: Mudsdale|def|1
|-enditem|p2a: Mudsdale|Leftovers|[from] move: Knock Off|[of] p1a: Yveltal
|move|p2a: Mudsdale|Body Press|p1a: Yveltal
|-damage|p1a: Yveltal|213/300
|
|upkeep
|turn|10
|
|t:|1606491397
|move|p1a: Yveltal|Oblivion Wing|p2a: Mudsdale
|-damage|p2a: Mudsdale|111/305
|-heal|p1a: Yveltal|270/300|[from] drain|[of] p2a: Mudsdale
|-ability|p2a: Mudsdale|Stamina|boost
|-boost|p2a: Mudsdale|def|1
|move|p2a: Mudsdale|Body Press|p1a: Yveltal
|-damage|p1a: Yveltal|147/300
|
|upkeep
|turn|11
|j| lakdfjlsjdfljla
|c| lakdfjlsjdfljla|ahhhh 2400+
|
|t:|1606491410
|switch|p1a: Scolipede|Scolipede, L82, M|233/233
|-damage|p1a: Scolipede|175/233|[from] Stealth Rock
|move|p2a: Mudsdale|Body Press|p1a: Scolipede
|-resisted|p1a: Scolipede
|-damage|p1a: Scolipede|144/233
|
|upkeep
|turn|12
|
|t:|1606491419
|move|p1a: Scolipede|Megahorn|p2a: Mudsdale
|-damage|p2a: Mudsdale|45/305
|-ability|p2a: Mudsdale|Stamina|boost
|-boost|p2a: Mudsdale|def|1
|-damage|p1a: Scolipede|121/233|[from] item: Life Orb
|move|p2a: Mudsdale|Earthquake|p1a: Scolipede
|-damage|p1a: Scolipede|0 fnt
|faint|p1a: Scolipede
|
|upkeep
|
|t:|1606491421
|switch|p1a: Yveltal|Yveltal, L72|147/300
|-ability|p1a: Yveltal|Dark Aura
|turn|13
|
|t:|1606491435
|switch|p2a: Rotom|Rotom-Heat, L82|72/216
|move|p1a: Yveltal|Oblivion Wing|p2a: Rotom
|-resisted|p2a: Rotom
|-damage|p2a: Rotom|39/216
|-heal|p1a: Yveltal|172/300|[from] drain|[of] p2a: Rotom
|
|upkeep
|turn|14
|
|t:|1606491445
|move|p1a: Yveltal|Sucker Punch||[still]
|-fail|p1a: Yveltal
|move|p2a: Rotom|Will-O-Wisp|p1a: Yveltal|[miss]
|-miss|p2a: Rotom|p1a: Yveltal
|
|upkeep
|turn|15
|c|☆Aqua╰✦╮|life
|
|t:|1606491453
|switch|p2a: Mudsdale|Mudsdale, L84, M|45/305
|-status|p2a: Mudsdale|psn
|switch|p1a: Manectric|Manectric, L88, F|201/266 brn
|-damage|p1a: Manectric|168/266 brn|[from] Stealth Rock
|
|-damage|p1a: Manectric|152/266 brn|[from] brn
|-damage|p2a: Mudsdale|7/305 psn|[from] psn
|upkeep
|turn|16
|
|t:|1606491459
|move|p1a: Manectric|Flamethrower|p2a: Mudsdale
|-damage|p2a: Mudsdale|0 fnt
|faint|p2a: Mudsdale
|
|-damage|p1a: Manectric|136/266 brn|[from] brn
|upkeep
|
|t:|1606491467
|switch|p2a: Rotom|Rotom-Heat, L82|39/216
|turn|17
|
|t:|1606491473
|switch|p1a: Garbodor|Garbodor, L88, M|283/284
|-damage|p1a: Garbodor|248/284|[from] Stealth Rock
|move|p2a: Rotom|Overheat|p1a: Garbodor
|-damage|p1a: Garbodor|115/284
|-unboost|p2a: Rotom|spa|2
|
|-heal|p1a: Garbodor|132/284|[from] item: Black Sludge
|upkeep
|turn|18
|
|t:|1606491491
|move|p2a: Rotom|Overheat|p1a: Garbodor
|-damage|p1a: Garbodor|63/284
|-unboost|p2a: Rotom|spa|2
|move|p1a: Garbodor|Spikes|p2a: Rotom
|-sidestart|p2: Aqua╰✦╮|Spikes
|
|-heal|p1a: Garbodor|80/284|[from] item: Black Sludge
|upkeep
|turn|19
|
|t:|1606491499
|switch|p2a: Kabutops|Kabutops, L84, M|238/238
|-damage|p2a: Kabutops|209/238|[from] Spikes
|-status|p2a: Kabutops|psn
|-enditem|p2a: Kabutops|Lum Berry|[eat]
|-curestatus|p2a: Kabutops|psn|[msg]
|move|p1a: Garbodor|Spikes|p2a: Kabutops
|-sidestart|p2: Aqua╰✦╮|Spikes
|
|-heal|p1a: Garbodor|97/284|[from] item: Black Sludge
|upkeep
|turn|20
|
|t:|1606491510
|move|p2a: Kabutops|Rapid Spin|p1a: Garbodor
|-damage|p1a: Garbodor|53/284
|-boost|p2a: Kabutops|spe|1
|-sideend|p2: Aqua╰✦╮|Spikes|[from] move: Rapid Spin|[of] p2a: Kabutops
|-sideend|p2: Aqua╰✦╮|Toxic Spikes|[from] move: Rapid Spin|[of] p2a: Kabutops
|move|p1a: Garbodor|Explosion|p2a: Kabutops
|-resisted|p2a: Kabutops
|-crit|p2a: Kabutops
|-damage|p2a: Kabutops|92/238
|faint|p1a: Garbodor
|
|upkeep
|
|t:|1606491516
|switch|p1a: Jirachi|Jirachi, L82|298/298
|-damage|p1a: Jirachi|280/298|[from] Stealth Rock
|turn|21
|
|t:|1606491528
|switch|p2a: Centiskorch|Centiskorch, L86, F|312/312
|move|p1a: Jirachi|Iron Head|p2a: Centiskorch
|-resisted|p2a: Centiskorch
|-damage|p2a: Centiskorch|258/312
|
|-heal|p1a: Jirachi|298/298|[from] item: Leftovers
|upkeep
|turn|22
|
|t:|1606491536
|move|p1a: Jirachi|Stealth Rock|p2a: Centiskorch
|-sidestart|p2: Aqua╰✦╮|move: Stealth Rock
|move|p2a: Centiskorch|Fire Lash|p1a: Jirachi
|-supereffective|p1a: Jirachi
|-damage|p1a: Jirachi|100/298
|-unboost|p1a: Jirachi|def|1
|
|-heal|p1a: Jirachi|118/298|[from] item: Leftovers
|upkeep
|turn|23
|
|t:|1606491545
|move|p1a: Jirachi|U-turn|p2a: Centiskorch
|-resisted|p2a: Centiskorch
|-damage|p2a: Centiskorch|230/312
|
|t:|1606491547
|switch|p1a: Entei|Entei, L82|323/323
|-damage|p1a: Entei|243/323|[from] Stealth Rock
|move|p2a: Centiskorch|Leech Life|p1a: Entei
|-resisted|p1a: Entei
|-damage|p1a: Entei|185/323
|-heal|p2a: Centiskorch|259/312|[from] drain|[of] p1a: Entei
|
|upkeep
|turn|24
|
|t:|1606491568
|switch|p2a: Gourgeist|Gourgeist, L88, F|258/258
|-damage|p2a: Gourgeist|226/258|[from] Stealth Rock
|-item|p1a: Entei|Choice Band|[from] ability: Frisk|[of] p2a: Gourgeist|[identify]
|move|p1a: Entei|Stone Edge|p2a: Gourgeist|[miss]
|-miss|p1a: Entei|p2a: Gourgeist
|
|upkeep
|turn|25
|
|t:|1606491583
|-start|p1a: Entei|Dynamax
|-heal|p1a: Entei|370/646|[silent]
|move|p1a: Entei|Max Flare|p2a: Gourgeist
|-supereffective|p2a: Gourgeist
|-damage|p2a: Gourgeist|0 fnt
|-weather|SunnyDay
|faint|p2a: Gourgeist
|
|-weather|SunnyDay|[upkeep]
|upkeep
|
|t:|1606491605
|switch|p2a: Centiskorch|Centiskorch, L86, F|259/312
|turn|26
|
|t:|1606491611
|switch|p2a: Rotom|Rotom-Heat, L82|39/216
|-damage|p2a: Rotom|0 fnt|[from] Stealth Rock
|faint|p2a: Rotom
|move|p1a: Entei|Max Quake|p2: Rotom|[notarget]
|-fail|p1a: Entei
|
|-weather|SunnyDay|[upkeep]
|upkeep
|
|t:|1606491627
|switch|p2a: Kabutops|Kabutops, L84, M|92/238
|-damage|p2a: Kabutops|63/238|[from] Stealth Rock
|turn|27
|
|t:|1606491635
|move|p1a: Entei|Max Quake|p2a: Kabutops
|-supereffective|p2a: Kabutops
|-damage|p2a: Kabutops|0 fnt
|-boost|p1a: Entei|spd|1
|faint|p2a: Kabutops
|
|-weather|SunnyDay|[upkeep]
|-end|p1a: Entei|Dynamax
|-heal|p1a: Entei|185/323|[silent]
|upkeep
|
|t:|1606491640
|switch|p2a: Zapdos|Zapdos-Galar, L80|275/275
|-damage|p2a: Zapdos|241/275|[from] Stealth Rock
|turn|28
|
|t:|1606491659
|-start|p2a: Zapdos|Dynamax
|-heal|p2a: Zapdos|482/550|[silent]
|move|p1a: Entei|Stone Edge|p2a: Zapdos
|-damage|p2a: Zapdos|366/550
|move|p2a: Zapdos|Max Airstream|p1a: Entei
|-damage|p1a: Entei|0 fnt
|-boost|p2a: Zapdos|spe|1
|-damage|p2a: Zapdos|339/550|[from] item: Life Orb
|faint|p1a: Entei
|
|-weather|SunnyDay|[upkeep]
|upkeep
|j| Teres bahji❀
|
|t:|1606491741
|switch|p1a: Jirachi|Jirachi, L82|118/298
|-damage|p1a: Jirachi|100/298|[from] Stealth Rock
|turn|29
|
|t:|1606491753
|switch|p1a: Yveltal|Yveltal, L72|172/300
|-ability|p1a: Yveltal|Dark Aura
|move|p2a: Zapdos|Max Knuckle|p1a: Yveltal
|-damage|p1a: Yveltal|8/300
|-boost|p2a: Zapdos|atk|1
|-damage|p2a: Zapdos|312/550|[from] item: Life Orb
|
|-weather|none
|upkeep
|turn|30
|
|t:|1606491791
|switch|p1a: Jirachi|Jirachi, L82|100/298
|-damage|p1a: Jirachi|82/298|[from] Stealth Rock
|move|p2a: Zapdos|Max Airstream|p1a: Jirachi
|-resisted|p1a: Jirachi
|-damage|p1a: Jirachi|0 fnt
|-boost|p2a: Zapdos|spe|1
|-damage|p2a: Zapdos|285/550|[from] item: Life Orb
|faint|p1a: Jirachi
|
|-end|p2a: Zapdos|Dynamax
|-heal|p2a: Zapdos|143/275|[silent]
|upkeep
|
|t:|1606491798
|switch|p1a: Manectric|Manectric, L88, F|136/266 brn
|-damage|p1a: Manectric|103/266 brn|[from] Stealth Rock
|turn|31
|
|t:|1606491801
|move|p2a: Zapdos|Throat Chop|p1a: Manectric
|-damage|p1a: Manectric|0 fnt
|-damage|p2a: Zapdos|116/275|[from] item: Life Orb
|faint|p1a: Manectric
|
|upkeep
|
|t:|1606491803
|switch|p1a: Yveltal|Yveltal, L72|8/300
|-ability|p1a: Yveltal|Dark Aura
|turn|32
|
|t:|1606491807
|move|p1a: Yveltal|Sucker Punch|p2a: Zapdos
|-resisted|p2a: Zapdos
|-damage|p2a: Zapdos|66/275
|move|p2a: Zapdos|Close Combat|p1a: Yveltal
|-damage|p1a: Yveltal|0 fnt
|-unboost|p2a: Zapdos|def|1
|-unboost|p2a: Zapdos|spd|1
|-damage|p2a: Zapdos|39/275|[from] item: Life Orb
|faint|p1a: Yveltal
|
|win|Aqua╰✦╮
|l|☆MichaelderBeste2
|raw|MichaelderBeste2's rating: 2486 &rarr; <strong>2464</strong><br />(-22 for losing)
|raw|Aqua╰✦╮'s rating: 2454 &rarr; <strong>2476</strong><br />(+22 for winning)
|j| longhiep341
|j| kanupaku
|l| kanupaku
|l| longhiep341
|l| Teres bahji❀
|l| lakdfjlsjdfljla
