{"id": "gen8randombattle-1865586248", "p1": "Tomate Saltarin", "p2": "ADCRex", "format": "[Gen 8] Random Battle", "log": "|j|\u2606Tomate Saltarin\n|j|\u2606ADCRex\n|t:|1684313487\n|gametype|singles\n|player|p1|Tomate Saltarin|265|\n|player|p2|ADCRex|266|\n|teamsize|p1|6\n|teamsize|p2|6\n|gen|8\n|tier|[Gen 8] Random Battle\n|rule|Species Clause: Limit one of each Pok\u00e9mon\n|rule|HP Percentage Mod: HP is shown in percentages\n|rule|Sleep Clause Mod: Limit one foe put to sleep\n|\n|t:|1684313487\n|start\n|switch|p1a: Klefki|Klefki, L82, F|228/228\n|switch|p2a: Sylveon|Sylveon, L84, F|297/297\n|turn|1\n|\n|t:|1684313504\n|switch|p2a: Zapdos|Zapdos-Galar, L76|262/262\n|move|p1a: Klefki|Thunder Wave|p2a: Zapdos\n|-status|p2a: Zapdos|par\n|\n|upkeep\n|turn|2\n|\n|t:|1684313522\n|move|p1a: Klefki|Spikes|p2a: Zapdos\n|-sidestart|p2: ADCRex|Spikes\n|move|p2a: Zapdos|Close Combat|p1a: Klefki\n|-damage|p1a: Klefki|47/228\n|-unboost|p2a: Zapdos|def|1\n|-unboost|p2a: Zapdos|spd|1\n|-damage|p2a: Zapdos|236/262 par|[from] item: Life Orb\n|\n|upkeep\n|turn|3\n|\n|t:|1684313532\n|move|p1a: Klefki|Spikes|p2a: Zapdos\n|-sidestart|p2: ADCRex|Spikes\n|cant|p2a: Zapdos|par\n|\n|upkeep\n|turn|4\n|\n|t:|1684313536\n|move|p1a: Klefki|Spikes|p2a: Zapdos\n|-sidestart|p2: ADCRex|Spikes\n|move|p2a: Zapdos|Close Combat|p1a: Klefki\n|-damage|p1a: Klefki|0 fnt\n|-unboost|p2a: Zapdos|def|1\n|-unboost|p2a: Zapdos|spd|1\n|faint|p1a: Klefki\n|-damage|p2a: Zapdos|210/262 par|[from] item: Life Orb\n|\n|upkeep\n|\n|t:|1684313546\n|switch|p1a: Dracozolt|Dracozolt, L78|268/268\n|turn|5\n|\n|t:|1684313564\n|switch|p2a: Sylveon|Sylveon, L84, F|297/297\n|-damage|p2a: Sylveon|223/297|[from] Spikes\n|move|p1a: Dracozolt|Bolt Beak|p2a: Sylveon\n|-damage|p2a: Sylveon|0 fnt\n|faint|p2a: Sylveon\n|\n|upkeep\n|\n|t:|1684313568\n|switch|p2a: Cofagrigus|Cofagrigus, L86, M|240/240\n|-damage|p2a: Cofagrigus|180/240|[from] Spikes\n|turn|6\n|\n|t:|1684313577\n|move|p1a: Dracozolt|Bolt Beak|p2a: Cofagrigus\n|-damage|p2a: Cofagrigus|20/240\n|-activate|p2a: Cofagrigus|ability: Mummy|Hustle|[of] p1a: Dracozolt\n|move|p2a: Cofagrigus|Toxic Spikes|p1a: Dracozolt\n|-sidestart|p1: Tomate Saltarin|move: Toxic Spikes\n|\n|-heal|p2a: Cofagrigus|35/240|[from] item: Leftovers\n|upkeep\n|turn|7\n|\n|t:|1684313590\n|move|p1a: Dracozolt|Bolt Beak|p2a: Cofagrigus\n|-damage|p2a: Cofagrigus|0 fnt\n|faint|p2a: Cofagrigus\n|\n|upkeep\n|\n|t:|1684313596\n|switch|p2a: Linoone|Linoone, L84, F|268/268\n|-damage|p2a: Linoone|201/268|[from] Spikes\n|turn|8\n|\n|t:|1684313601\n|move|p1a: Dracozolt|Bolt Beak|p2a: Linoone\n|-damage|p2a: Linoone|0 fnt\n|faint|p2a: Linoone\n|\n|upkeep\n|\n|t:|1684313621\n|switch|p2a: Keldeo|Keldeo-Resolute, L79|273/273\n|-damage|p2a: Keldeo|205/273|[from] Spikes\n|turn|9\n|\n|t:|1684313629\n|move|p1a: Dracozolt|Bolt Beak|p2a: Keldeo\n|-supereffective|p2a: Keldeo\n|-damage|p2a: Keldeo|0 fnt\n|faint|p2a: Keldeo\n|\n|upkeep\n|\n|t:|1684313637\n|switch|p2a: Seaking|Seaking, L88, F|284/284\n|-damage|p2a: Seaking|213/284|[from] Spikes\n|turn|10\n|\n|t:|1684313645\n|-start|p1a: Dracozolt|Dynamax|\n|-heal|p1a: Dracozolt|536/536|[silent]\n|move|p2a: Seaking|Megahorn|p1a: Dracozolt\n|-damage|p1a: Dracozolt|420/536\n|-activate|p1a: Dracozolt|ability: Mummy|Swift Swim|[of] p2a: Seaking\n|-damage|p2a: Seaking|185/284|[from] item: Life Orb\n|move|p1a: Dracozolt|Max Lightning|p2a: Seaking\n|-supereffective|p2a: Seaking\n|-damage|p2a: Seaking|0 fnt\n|-fieldstart|move: Electric Terrain\n|faint|p2a: Seaking\n|\n|upkeep\n|\n|t:|1684313654\n|switch|p2a: Zapdos|Zapdos-Galar, L76|210/262 par\n|turn|11\n|\n|t:|1684313664\n|move|p1a: Dracozolt|Max Lightning|p2a: Zapdos\n|-supereffective|p2a: Zapdos\n|-damage|p2a: Zapdos|0 fnt\n|faint|p2a: Zapdos\n|\n|win|Tomate Saltarin\n|l|\u2606Tomate Saltarin\n", "inputlog": ">version 3f967b429d9dd76d8eb692efdd7dfe9038092d20\n>start {\"formatid\":\"gen8randombattle\",\"seed\":[28800,47693,13628,39353]}\n>player p1 {\"name\":\"Tomate Saltarin\",\"avatar\":\"265\",\"rating\":0,\"seed\":[58789,13331,2444,6823]}\n>player p2 {\"name\":\"ADCRex\",\"avatar\":\"266\",\"rating\":0,\"seed\":[3759,50756,19382,17093]}\n>p1 move thunderwave\n>p2 switch 5\n>p1 move spikes\n>p2 move closecombat\n>p1 move spikes\n>p2 move closecombat\n>p1 move spikes\n>p2 move closecombat\n>p1 switch 5\n>p1 move boltbeak\n>p2 switch 5\n>p2 switch 6\n>p1 move boltbeak\n>p2 move toxicspikes\n>p1 move boltbeak\n>p2 move shadowball\n>p2 switch 2\n>p1 move boltbeak\n>p2 move throatchop\n>p2 switch 4\n>p1 move boltbeak\n>p2 move secretsword\n>p2 switch 3\n>p1 move boltbeak dynamax\n>p2 move megahorn\n>p2 switch 5\n>p1 move boltbeak dynamax\n>p2 move throatchop", "uploadtime": 1684313749, "views": 5, "p1id": "tomatesaltarin", "p2id": "adcrex", "formatid": "gen8randombattle", "rating": 0, "private": 0, "password": ""}