|j|☆ieatfoal
|j|☆trying_toget_tough
|t:|1685569782
|gametype|singles
|player|p1|ieatfoal|1|1424
|player|p2|trying_toget_tough|101|1483
|teamsize|p1|6
|teamsize|p2|6
|gen|8
|tier|[Gen 8] Random Battle
|rated|
|rule|Species Clause: Limit one of each Pokémon
|rule|HP Percentage Mod: HP is shown in percentages
|rule|Sleep Clause Mod: Limit one foe put to sleep
|
|t:|1685569782
|start
|switch|p1a: Regidrago|Regidrago, L78|440/440
|switch|p2a: Comfey|Comfey, L86, F|228/228
|turn|1
|inactive|Battle timer is ON: inactive players will automatically lose when time's up. (requested by ieatfoal)
|
|t:|1685569793
|switch|p1a: Steelix|Steelix, L84, F|263/263
|move|p2a: Comfey|Calm Mind|p2a: Comfey
|-boost|p2a: Comfey|spa|1
|-boost|p2a: Comfey|spd|1
|
|upkeep
|turn|2
|
|t:|1685569802
|move|p2a: Comfey|Giga Drain|p1a: Steelix
|-damage|p1a: Steelix|138/263
|-damage|p2a: Comfey|206/228|[from] item: Life Orb
|move|p1a: Steelix|Heavy Slam|p2a: Comfey
|-supereffective|p2a: Comfey
|-damage|p2a: Comfey|0 fnt
|faint|p2a: Comfey
|
|-heal|p1a: Steelix|154/263|[from] item: Leftovers
|upkeep
|
|t:|1685569813
|switch|p2a: Volcanion|Volcanion, L80|259/259
|turn|3
|
|t:|1685569823
|move|p2a: Volcanion|Steam Eruption|p1a: Steelix
|-supereffective|p1a: Steelix
|-damage|p1a: Steelix|0 fnt
|faint|p1a: Steelix
|
|upkeep
|
|t:|1685569837
|switch|p1a: Exeggutor|Exeggutor-Alola, L87, M|307/307
|-item|p2a: Volcanion|Heavy-Duty Boots|[from] ability: Frisk|[of] p1a: Exeggutor|[identify]
|turn|4
|
|t:|1685569852
|move|p2a: Volcanion|Flamethrower|p1a: Exeggutor
|-damage|p1a: Exeggutor|186/307
|move|p1a: Exeggutor|Draco Meteor|p2a: Volcanion
|-damage|p2a: Volcanion|0 fnt
|-unboost|p1a: Exeggutor|spa|2
|faint|p2a: Volcanion
|
|upkeep
|
|t:|1685569861
|switch|p2a: Nidoking|Nidoking, L82, M|267/267
|turn|5
|
|t:|1685569867
|switch|p1a: Miltank|Miltank, L84, F|297/297
|move|p2a: Nidoking|Substitute|p2a: Nidoking
|-start|p2a: Nidoking|Substitute
|-damage|p2a: Nidoking|201/267
|
|upkeep
|turn|6
|
|t:|1685569873
|move|p1a: Miltank|Earthquake|p2a: Nidoking
|-supereffective|p2a: Nidoking
|-end|p2a: Nidoking|Substitute
|move|p2a: Nidoking|Sludge Wave|p1a: Miltank
|-damage|p1a: Miltank|125/297
|
|-heal|p1a: Miltank|143/297|[from] item: Leftovers
|upkeep
|turn|7
|
|t:|1685569894
|switch|p2a: Linoone|Linoone, L84, F|268/268
|move|p1a: Miltank|Body Slam|p2a: Linoone
|-damage|p2a: Linoone|171/268
|
|-heal|p1a: Miltank|161/297|[from] item: Leftovers
|upkeep
|turn|8
|inactive|trying_toget_tough has 120 seconds left.
|
|t:|1685569931
|move|p2a: Linoone|Belly Drum|p2a: Linoone
|-damage|p2a: Linoone|37/268
|-setboost|p2a: Linoone|atk|6|[from] move: Belly Drum
|-enditem|p2a: Linoone|Wiki Berry|[eat]
|-heal|p2a: Linoone|126/268|[from] item: Wiki Berry
|move|p1a: Miltank|Body Slam|p2a: Linoone
|-damage|p2a: Linoone|27/268
|
|-heal|p1a: Miltank|179/297|[from] item: Leftovers
|upkeep
|turn|9
|
|t:|1685569945
|move|p2a: Linoone|Extreme Speed|p1a: Miltank
|-damage|p1a: Miltank|0 fnt
|faint|p1a: Miltank
|
|upkeep
|
|t:|1685569961
|switch|p1a: Lurantis|Lurantis, L86, F|261/261
|turn|10
|
|t:|1685569971
|move|p2a: Linoone|Extreme Speed|p1a: Lurantis
|-damage|p1a: Lurantis|0 fnt
|faint|p1a: Lurantis
|
|upkeep
|
|t:|1685569987
|switch|p1a: Gallade|Gallade, L82, M|246/246
|turn|11
|inactive|trying_toget_tough has 120 seconds left.
|
|t:|1685570008
|-start|p1a: Gallade|Dynamax|
|-heal|p1a: Gallade|492/492|[silent]
|move|p2a: Linoone|Extreme Speed|p1a: Gallade
|-damage|p1a: Gallade|147/492
|move|p1a: Gallade|Max Knuckle|p2a: Linoone
|-supereffective|p2a: Linoone
|-damage|p2a: Linoone|0 fnt
|-boost|p1a: Gallade|atk|1
|faint|p2a: Linoone
|-damage|p1a: Gallade|123/492|[from] item: Life Orb
|
|upkeep
|inactive|trying_toget_tough has 90 seconds left.
|
|t:|1685570030
|switch|p2a: Mawile|Mawile, L86, M|226/226
|turn|12
|
|t:|1685570036
|move|p2a: Mawile|Sucker Punch|p1a: Gallade
|-damage|p1a: Gallade|39/492
|-ability|p1a: Gallade|Justified|boost
|-boost|p1a: Gallade|atk|1
|-damage|p2a: Mawile|204/226|[from] item: Life Orb
|move|p1a: Gallade|Max Knuckle|p2a: Mawile
|-damage|p2a: Mawile|0 fnt
|-boost|p1a: Gallade|atk|1
|faint|p2a: Mawile
|-damage|p1a: Gallade|15/492|[from] item: Life Orb
|
|upkeep
|inactive|trying_toget_tough has 90 seconds left.
|
|t:|1685570054
|switch|p2a: Nidoking|Nidoking, L82, M|201/267
|turn|13
|
|t:|1685570061
|move|p2a: Nidoking|Sludge Wave|p1a: Gallade
|-damage|p1a: Gallade|0 fnt
|faint|p1a: Gallade
|
|upkeep
|
|t:|1685570067
|switch|p1a: Regidrago|Regidrago, L78|440/440
|turn|14
|
|t:|1685570074
|-start|p2a: Nidoking|Dynamax|
|-heal|p2a: Nidoking|402/534|[silent]
|move|p2a: Nidoking|Max Hailstorm|p1a: Regidrago
|-supereffective|p1a: Regidrago
|-crit|p1a: Regidrago
|-damage|p1a: Regidrago|86/440
|-weather|Hail
|-damage|p2a: Nidoking|376/534|[from] item: Life Orb
|move|p1a: Regidrago|Draco Meteor|p2a: Nidoking
|-damage|p2a: Nidoking|177/534
|-unboost|p1a: Regidrago|spa|2
|
|-weather|Hail|[upkeep]
|-damage|p2a: Nidoking|161/534|[from] Hail
|-damage|p1a: Regidrago|59/440|[from] Hail
|upkeep
|turn|15
|
|t:|1685570089
|move|p2a: Nidoking|Max Hailstorm|p1a: Regidrago
|-supereffective|p1a: Regidrago
|-damage|p1a: Regidrago|0 fnt
|faint|p1a: Regidrago
|-damage|p2a: Nidoking|135/534|[from] item: Life Orb
|
|-weather|Hail|[upkeep]
|-damage|p2a: Nidoking|119/534|[from] Hail
|upkeep
|
|t:|1685570107
|switch|p1a: Exeggutor|Exeggutor-Alola, L87, M|186/307
|-item|p2a: Nidoking|Life Orb|[from] ability: Frisk|[of] p1a: Exeggutor|[identify]
|turn|16
|inactive|ieatfoal has 120 seconds left.
|
|t:|1685570124
|move|p2a: Nidoking|Max Hailstorm|p1a: Exeggutor
|-supereffective|p1a: Exeggutor
|-damage|p1a: Exeggutor|0 fnt
|faint|p1a: Exeggutor
|-damage|p2a: Nidoking|93/534|[from] item: Life Orb
|
|win|trying_toget_tough
|raw|ieatfoal's rating: 1424 &rarr; <strong>1407</strong><br />(-17 for losing)
|raw|trying_toget_tough's rating: 1483 &rarr; <strong>1500</strong><br />(+17 for winning)
