|j|☆tub53
|j|☆kit0.exe
|t:|1685309586
|gametype|singles
|player|p1|tub53|byron|1142
|player|p2|kit0.exe|ethan|1069
|teamsize|p1|6
|teamsize|p2|6
|gen|8
|tier|[Gen 8] Random Battle
|rated|
|rule|Species Clause: Limit one of each Pokémon
|rule|HP Percentage Mod: HP is shown in percentages
|rule|Sleep Clause Mod: Limit one foe put to sleep
|
|t:|1685309586
|start
|switch|p1a: Mantine|Mantine, L86, M|286/286
|switch|p2a: Barbaracle|Barbaracle, L80, M|246/246
|turn|1
|inactive|Battle timer is ON: inactive players will automatically lose when time's up. (requested by tub53)
|
|t:|1685309600
|move|p1a: Mantine|Toxic|p2a: Barbaracle
|-status|p2a: Barbaracle|tox
|move|p2a: Barbaracle|Shell Smash|p2a: Barbaracle
|-unboost|p2a: Barbaracle|def|1
|-unboost|p2a: Barbaracle|spd|1
|-boost|p2a: Barbaracle|atk|2
|-boost|p2a: Barbaracle|spa|2
|-boost|p2a: Barbaracle|spe|2
|-enditem|p2a: Barbaracle|White Herb
|-clearnegativeboost|p2a: Barbaracle|[silent]
|
|-damage|p2a: Barbaracle|231/246 tox|[from] psn
|upkeep
|turn|2
|
|t:|1685309624
|move|p2a: Barbaracle|Stone Edge|p1a: Mantine
|-supereffective|p1a: Mantine
|-damage|p1a: Mantine|0 fnt
|faint|p1a: Mantine
|
|-damage|p2a: Barbaracle|201/246 tox|[from] psn
|upkeep
|
|t:|1685309648
|switch|p1a: Mamoswine|Mamoswine, L80, M|307/307
|turn|3
|
|t:|1685309660
|move|p2a: Barbaracle|Liquidation|p1a: Mamoswine
|-supereffective|p1a: Mamoswine
|-damage|p1a: Mamoswine|0 fnt
|faint|p1a: Mamoswine
|
|-damage|p2a: Barbaracle|156/246 tox|[from] psn
|upkeep
|
|t:|1685309670
|switch|p1a: Hitmonchan|Hitmonchan, L86, M|226/226
|turn|4
|
|t:|1685309691
|move|p1a: Hitmonchan|Mach Punch|p2a: Barbaracle
|-supereffective|p2a: Barbaracle
|-damage|p2a: Barbaracle|31/246 tox
|-damage|p1a: Hitmonchan|204/226|[from] item: Life Orb
|move|p2a: Barbaracle|Liquidation|p1a: Hitmonchan
|-damage|p1a: Hitmonchan|0 fnt
|faint|p1a: Hitmonchan
|
|-damage|p2a: Barbaracle|0 fnt|[from] psn
|faint|p2a: Barbaracle
|upkeep
|inactive|kit0.exe has 120 seconds left.
|
|t:|1685309712
|switch|p1a: Zarude|Zarude, L78|292/292
|switch|p2a: Zarude|Zarude-Dada, L78|292/292
|turn|5
|inactive|tub53 has 120 seconds left.
|
|t:|1685309741
|move|p1a: Zarude|Bulk Up|p1a: Zarude
|-boost|p1a: Zarude|atk|1
|-boost|p1a: Zarude|def|1
|move|p2a: Zarude|Bulk Up|p2a: Zarude
|-boost|p2a: Zarude|atk|1
|-boost|p2a: Zarude|def|1
|
|upkeep
|turn|6
|inactive|kit0.exe has 120 seconds left.
|
|t:|1685309770
|switch|p2a: Cryogonal|Cryogonal, L86|278/278
|move|p1a: Zarude|Bulk Up|p1a: Zarude
|-boost|p1a: Zarude|atk|1
|-boost|p1a: Zarude|def|1
|
|upkeep
|turn|7
|
|t:|1685309778
|move|p2a: Cryogonal|Freeze-Dry|p1a: Zarude
|-supereffective|p1a: Zarude
|-damage|p1a: Zarude|134/292
|move|p1a: Zarude|Darkest Lariat|p2a: Cryogonal
|-damage|p2a: Cryogonal|0 fnt
|faint|p2a: Cryogonal
|
|-heal|p1a: Zarude|152/292|[from] item: Leftovers
|upkeep
|
|t:|1685309798
|switch|p2a: Drifblim|Drifblim, L84, M|389/389
|turn|8
|
|t:|1685309810
|move|p1a: Zarude|Darkest Lariat|p2a: Drifblim
|-supereffective|p2a: Drifblim
|-damage|p2a: Drifblim|0 fnt
|faint|p2a: Drifblim
|
|-heal|p1a: Zarude|170/292|[from] item: Leftovers
|upkeep
|
|t:|1685309822
|switch|p2a: Zarude|Zarude-Dada, L78|292/292
|turn|9
|
|t:|1685309829
|move|p2a: Zarude|Darkest Lariat|p1a: Zarude
|-resisted|p1a: Zarude
|-damage|p1a: Zarude|126/292
|move|p1a: Zarude|Darkest Lariat|p2a: Zarude
|-resisted|p2a: Zarude
|-damage|p2a: Zarude|207/292
|
|-heal|p2a: Zarude|225/292|[from] item: Leftovers
|-heal|p1a: Zarude|144/292|[from] item: Leftovers
|upkeep
|turn|10
|
|t:|1685309842
|move|p1a: Zarude|Darkest Lariat|p2a: Zarude
|-resisted|p2a: Zarude
|-damage|p2a: Zarude|143/292
|move|p2a: Zarude|Darkest Lariat|p1a: Zarude
|-resisted|p1a: Zarude
|-damage|p1a: Zarude|99/292
|
|-heal|p1a: Zarude|117/292|[from] item: Leftovers
|-heal|p2a: Zarude|161/292|[from] item: Leftovers
|upkeep
|turn|11
|
|t:|1685309856
|move|p2a: Zarude|Power Whip|p1a: Zarude
|-resisted|p1a: Zarude
|-damage|p1a: Zarude|87/292
|move|p1a: Zarude|Darkest Lariat|p2a: Zarude
|-resisted|p2a: Zarude
|-damage|p2a: Zarude|77/292
|
|-heal|p2a: Zarude|95/292|[from] item: Leftovers
|-heal|p1a: Zarude|105/292|[from] item: Leftovers
|upkeep
|turn|12
|
|t:|1685309865
|move|p1a: Zarude|Darkest Lariat|p2a: Zarude
|-resisted|p2a: Zarude
|-damage|p2a: Zarude|3/292
|move|p2a: Zarude|Jungle Healing|p2a: Zarude
|-heal|p2a: Zarude|76/292
|
|-heal|p2a: Zarude|94/292|[from] item: Leftovers
|-heal|p1a: Zarude|123/292|[from] item: Leftovers
|upkeep
|turn|13
|inactive|kit0.exe has 120 seconds left.
|
|t:|1685309874
|move|p2a: Zarude|Darkest Lariat|p1a: Zarude
|-resisted|p1a: Zarude
|-damage|p1a: Zarude|81/292
|move|p1a: Zarude|Bulk Up|p1a: Zarude
|-boost|p1a: Zarude|atk|1
|-boost|p1a: Zarude|def|1
|
|-heal|p2a: Zarude|112/292|[from] item: Leftovers
|-heal|p1a: Zarude|99/292|[from] item: Leftovers
|upkeep
|turn|14
|
|t:|1685309883
|move|p2a: Zarude|Darkest Lariat|p1a: Zarude
|-resisted|p1a: Zarude
|-damage|p1a: Zarude|58/292
|move|p1a: Zarude|Darkest Lariat|p2a: Zarude
|-resisted|p2a: Zarude
|-damage|p2a: Zarude|9/292
|
|-heal|p1a: Zarude|76/292|[from] item: Leftovers
|-heal|p2a: Zarude|27/292|[from] item: Leftovers
|upkeep
|turn|15
|
|t:|1685309896
|move|p1a: Zarude|Darkest Lariat|p2a: Zarude
|-resisted|p2a: Zarude
|-damage|p2a: Zarude|0 fnt
|faint|p2a: Zarude
|
|-heal|p1a: Zarude|94/292|[from] item: Leftovers
|upkeep
|
|t:|1685309907
|switch|p2a: Corsola|Corsola-Galar, L84, F|238/238
|turn|16
|
|t:|1685309913
|move|p1a: Zarude|Darkest Lariat|p2a: Corsola
|-supereffective|p2a: Corsola
|-damage|p2a: Corsola|0 fnt
|faint|p2a: Corsola
|
|-heal|p1a: Zarude|112/292|[from] item: Leftovers
|upkeep
|
|t:|1685309920
|switch|p2a: Diancie|Diancie, L82|216/216
|turn|17
|
|t:|1685309925
|-start|p1a: Zarude|Dynamax|
|-heal|p1a: Zarude|224/584|[silent]
|move|p1a: Zarude|Max Overgrowth|p2a: Diancie
|-supereffective|p2a: Diancie
|-damage|p2a: Diancie|0 fnt
|-fieldstart|move: Grassy Terrain
|faint|p2a: Diancie
|
|win|tub53
|raw|tub53's rating: 1142 &rarr; <strong>1162</strong><br />(+20 for winning)
|raw|kit0.exe's rating: 1069 &rarr; <strong>1053</strong><br />(-16 for losing)
|l|☆kit0.exe
