{"id": "gen8randombattle-1872633033", "p1": "hibye721", "p2": "donutplayerisshit", "format": "[Gen 8] Random Battle", "log": "|j|\u2606hibye721\n|j|\u2606donutplayerisshit\n|t:|1685256940\n|gametype|singles\n|player|p1|hibye721|bugcatcher-gen4dp|\n|player|p2|donutplayerisshit|cynthia|\n|teamsize|p1|6\n|teamsize|p2|6\n|gen|8\n|tier|[Gen 8] Random Battle\n|rule|Species Clause: Limit one of each Pok\u00e9mon\n|rule|HP Percentage Mod: HP is shown in percentages\n|rule|Sleep Clause Mod: Limit one foe put to sleep\n|\n|t:|1685256940\n|start\n|switch|p1a: Type: Null|Type: Null, L86|304/304\n|switch|p2a: Kyurem|Kyurem-White, L74|307/307\n|-ability|p2a: Kyurem|Turboblaze\n|turn|1\n|\n|t:|1685256972\n|move|p2a: Kyurem|Freeze-Dry|p1a: Type: Null\n|-damage|p1a: Type: Null|247/304\n|move|p1a: Type: Null|Swords Dance|p1a: Type: Null\n|-boost|p1a: Type: Null|atk|2\n|\n|upkeep\n|turn|2\n|\n|t:|1685256989\n|switch|p2a: Bewear|Bewear, L82, F|331/331\n|move|p1a: Type: Null|Swords Dance|p1a: Type: Null\n|-boost|p1a: Type: Null|atk|2\n|\n|upkeep\n|turn|3\n|\n|t:|1685256997\n|move|p1a: Type: Null|Crush Claw|p2a: Bewear\n|-damage|p2a: Bewear|196/331\n|move|p2a: Bewear|Swords Dance|p2a: Bewear\n|-boost|p2a: Bewear|atk|2\n|\n|upkeep\n|turn|4\n|\n|t:|1685257008\n|move|p1a: Type: Null|Crush Claw|p2a: Bewear\n|-damage|p2a: Bewear|65/331\n|move|p2a: Bewear|Close Combat|p1a: Type: Null\n|-supereffective|p1a: Type: Null\n|-damage|p1a: Type: Null|0 fnt\n|-unboost|p2a: Bewear|def|1\n|-unboost|p2a: Bewear|spd|1\n|faint|p1a: Type: Null\n|-damage|p2a: Bewear|32/331|[from] item: Life Orb\n|\n|upkeep\n|\n|t:|1685257038\n|switch|p1a: Lapras|Lapras, L86, F|363/363\n|turn|5\n|\n|t:|1685257061\n|switch|p2a: Decidueye|Decidueye, L86, F|274/274\n|move|p1a: Lapras|Sparkling Aria|p2a: Decidueye\n|-resisted|p2a: Decidueye\n|-damage|p2a: Decidueye|235/274\n|\n|upkeep\n|turn|6\n|\n|t:|1685257076\n|move|p2a: Decidueye|Swords Dance|p2a: Decidueye\n|-boost|p2a: Decidueye|atk|2\n|move|p1a: Lapras|Toxic|p2a: Decidueye\n|-status|p2a: Decidueye|tox\n|\n|-damage|p2a: Decidueye|218/274 tox|[from] psn\n|upkeep\n|turn|7\n|\n|t:|1685257086\n|move|p1a: Lapras|Protect|p1a: Lapras\n|-singleturn|p1a: Lapras|Protect\n|move|p2a: Decidueye|Leaf Blade|p1a: Lapras\n|-activate|p1a: Lapras|move: Protect\n|\n|-damage|p2a: Decidueye|184/274 tox|[from] psn\n|upkeep\n|turn|8\n|\n|t:|1685257102\n|switch|p1a: Pangoro|Pangoro, L84, M|297/297\n|move|p2a: Decidueye|Leaf Blade|p1a: Pangoro\n|-damage|p1a: Pangoro|0 fnt\n|faint|p1a: Pangoro\n|-damage|p2a: Decidueye|157/274 tox|[from] item: Life Orb\n|\n|-damage|p2a: Decidueye|106/274 tox|[from] psn\n|upkeep\n|\n|t:|1685257115\n|switch|p1a: Xatu|Xatu, L89, M|260/260\n|turn|9\n|\n|t:|1685257127\n|move|p1a: Xatu|Heat Wave|p2a: Decidueye\n|-supereffective|p2a: Decidueye\n|-damage|p2a: Decidueye|0 fnt\n|faint|p2a: Decidueye\n|\n|upkeep\n|\n|t:|1685257138\n|switch|p2a: Registeel|Registeel, L83|268/268\n|turn|10\n|\n|t:|1685257155\n|switch|p2a: Rapidash|Rapidash-Galar, L84, M|246/246\n|move|p1a: Xatu|Psychic|p2a: Rapidash\n|-resisted|p2a: Rapidash\n|-damage|p2a: Rapidash|192/246\n|\n|upkeep\n|turn|11\n|\n|t:|1685257166\n|move|p2a: Rapidash|Swords Dance|p2a: Rapidash\n|-boost|p2a: Rapidash|atk|2\n|move|p1a: Xatu|Heat Wave|p2a: Rapidash\n|-damage|p2a: Rapidash|117/246\n|\n|upkeep\n|turn|12\n|\n|t:|1685257187\n|move|p2a: Rapidash|Play Rough|p1a: Xatu\n|-damage|p1a: Xatu|0 fnt\n|faint|p1a: Xatu\n|-damage|p2a: Rapidash|93/246|[from] item: Life Orb\n|\n|upkeep\n|\n|t:|1685257201\n|switch|p1a: Lurantis|Lurantis, L86, M|261/261\n|turn|13\n|\n|t:|1685257216\n|move|p2a: Rapidash|Play Rough|p1a: Lurantis\n|-damage|p1a: Lurantis|18/261\n|-damage|p2a: Rapidash|69/246|[from] item: Life Orb\n|move|p1a: Lurantis|Knock Off|p2a: Rapidash\n|-damage|p2a: Rapidash|0 fnt\n|-enditem|p2a: Rapidash|Life Orb|[from] move: Knock Off|[of] p1a: Lurantis\n|faint|p2a: Rapidash\n|\n|-heal|p1a: Lurantis|34/261|[from] item: Leftovers\n|upkeep\n|\n|t:|1685257238\n|switch|p2a: Registeel|Registeel, L83|268/268\n|turn|14\n|\n|t:|1685257259\n|move|p2a: Registeel|Body Press|p1a: Lurantis\n|-damage|p1a: Lurantis|0 fnt\n|faint|p1a: Lurantis\n|\n|upkeep\n|\n|t:|1685257266\n|switch|p1a: Dracovish|Dracovish, L80|275/275\n|turn|15\n|\n|t:|1685257277\n|move|p1a: Dracovish|Low Kick|p2a: Registeel\n|-supereffective|p2a: Registeel\n|-damage|p2a: Registeel|114/268\n|move|p2a: Registeel|Toxic|p1a: Dracovish\n|-status|p1a: Dracovish|tox\n|\n|-damage|p1a: Dracovish|258/275 tox|[from] psn\n|upkeep\n|turn|16\n|\n|t:|1685257293\n|move|p1a: Dracovish|Low Kick|p2a: Registeel\n|-supereffective|p2a: Registeel\n|-damage|p2a: Registeel|0 fnt\n|faint|p2a: Registeel\n|\n|-damage|p1a: Dracovish|224/275 tox|[from] psn\n|upkeep\n|\n|t:|1685257298\n|switch|p2a: Kyurem|Kyurem-White, L74|307/307\n|-ability|p2a: Kyurem|Turboblaze\n|turn|17\n|\n|t:|1685257335\n|switch|p1a: Lapras|Lapras, L86, F|363/363\n|move|p2a: Kyurem|Ice Beam|p1a: Lapras\n|-resisted|p1a: Lapras\n|-damage|p1a: Lapras|335/363\n|\n|-heal|p1a: Lapras|357/363|[from] item: Leftovers\n|upkeep\n|turn|18\n|\n|t:|1685257349\n|switch|p2a: Wobbuffet|Wobbuffet, L92, M|499/499\n|move|p1a: Lapras|Toxic|p2a: Wobbuffet\n|-status|p2a: Wobbuffet|tox\n|\n|-heal|p1a: Lapras|363/363|[from] item: Leftovers\n|-damage|p2a: Wobbuffet|468/499 tox|[from] psn\n|upkeep\n|turn|19\n|\n|t:|1685257365\n|move|p1a: Lapras|Protect|p1a: Lapras\n|-singleturn|p1a: Lapras|Protect\n|move|p2a: Wobbuffet|Charm|p1a: Lapras\n|-activate|p1a: Lapras|move: Protect\n|\n|-damage|p2a: Wobbuffet|406/499 tox|[from] psn\n|upkeep\n|turn|20\n|\n|t:|1685257374\n|move|p1a: Lapras|Toxic|p2a: Wobbuffet\n|-fail|p2a: Wobbuffet|tox\n|move|p2a: Wobbuffet|Charm|p1a: Lapras\n|-unboost|p1a: Lapras|atk|2\n|\n|-damage|p2a: Wobbuffet|313/499 tox|[from] psn\n|upkeep\n|turn|21\n|\n|t:|1685257387\n|move|p1a: Lapras|Toxic|p2a: Wobbuffet\n|-fail|p2a: Wobbuffet|tox\n|move|p2a: Wobbuffet|Charm|p1a: Lapras\n|-unboost|p1a: Lapras|atk|2\n|\n|-damage|p2a: Wobbuffet|189/499 tox|[from] psn\n|upkeep\n|-enditem|p2a: Wobbuffet|Sitrus Berry|[eat]\n|-heal|p2a: Wobbuffet|313/499 tox|[from] item: Sitrus Berry\n|turn|22\n|\n|t:|1685257409\n|move|p1a: Lapras|Toxic|p2a: Wobbuffet\n|-fail|p2a: Wobbuffet|tox\n|move|p2a: Wobbuffet|Charm|p1a: Lapras\n|-unboost|p1a: Lapras|atk|2\n|\n|-damage|p2a: Wobbuffet|158/499 tox|[from] psn\n|upkeep\n|turn|23\n|\n|t:|1685257420\n|switch|p2a: Kyurem|Kyurem-White, L74|307/307\n|-ability|p2a: Kyurem|Turboblaze\n|move|p1a: Lapras|Protect||[still]\n|-fail|p1a: Lapras\n|\n|upkeep\n|turn|24\n|\n|t:|1685257436\n|-start|p2a: Kyurem|Dynamax|\n|-heal|p2a: Kyurem|614/614|[silent]\n|-start|p1a: Lapras|Dynamax|Gmax\n|-heal|p1a: Lapras|726/726|[silent]\n|move|p2a: Kyurem|Max Wyrmwind|p1a: Lapras\n|-damage|p1a: Lapras|572/726\n|-unboost|p1a: Lapras|atk|0\n|move|p1a: Lapras|G-Max Resonance|p2a: Kyurem\n|-damage|p2a: Kyurem|473/614\n|-sidestart|p1: hibye721|move: Aurora Veil\n|\n|-heal|p1a: Lapras|594/726|[from] item: Leftovers\n|upkeep\n|turn|25\n|\n|t:|1685257456\n|move|p2a: Kyurem|Max Wyrmwind|p1a: Lapras\n|-damage|p1a: Lapras|507/726\n|-unboost|p1a: Lapras|atk|0\n|move|p1a: Lapras|G-Max Resonance|p2a: Kyurem\n|-damage|p2a: Kyurem|331/614\n|\n|-heal|p1a: Lapras|529/726|[from] item: Leftovers\n|upkeep\n|turn|26\n|\n|t:|1685257477\n|move|p2a: Kyurem|Max Wyrmwind|p1a: Lapras\n|-damage|p1a: Lapras|448/726\n|-unboost|p1a: Lapras|atk|0\n|move|p1a: Lapras|G-Max Resonance|p2a: Kyurem\n|-damage|p2a: Kyurem|189/614\n|\n|-heal|p1a: Lapras|470/726|[from] item: Leftovers\n|upkeep\n|-end|p2a: Kyurem|Dynamax\n|-heal|p2a: Kyurem|95/307|[silent]\n|-end|p1a: Lapras|Dynamax\n|-heal|p1a: Lapras|235/363|[silent]\n|turn|27\n|\n|t:|1685257494\n|move|p2a: Kyurem|Draco Meteor|p1a: Lapras\n|-damage|p1a: Lapras|155/363\n|-unboost|p2a: Kyurem|spa|2\n|move|p1a: Lapras|Toxic|p2a: Kyurem\n|-status|p2a: Kyurem|tox\n|\n|-heal|p1a: Lapras|177/363|[from] item: Leftovers\n|-damage|p2a: Kyurem|76/307 tox|[from] psn\n|upkeep\n|turn|28\n|\n|t:|1685257514\n|move|p1a: Lapras|Protect|p1a: Lapras\n|-singleturn|p1a: Lapras|Protect\n|move|p2a: Kyurem|Draco Meteor|p1a: Lapras\n|-activate|p1a: Lapras|move: Protect\n|\n|-heal|p1a: Lapras|199/363|[from] item: Leftovers\n|-damage|p2a: Kyurem|38/307 tox|[from] psn\n|-sideend|p1: hibye721|move: Aurora Veil\n|upkeep\n|turn|29\n|\n|t:|1685257526\n|switch|p2a: Bewear|Bewear, L82, F|32/331\n|move|p1a: Lapras|Ice Beam|p2a: Bewear\n|-damage|p2a: Bewear|0 fnt\n|faint|p2a: Bewear\n|\n|-heal|p1a: Lapras|221/363|[from] item: Leftovers\n|upkeep\n|\n|t:|1685257534\n|switch|p2a: Wobbuffet|Wobbuffet, L92, M|158/499 tox\n|turn|30\n|\n|t:|1685257556\n|move|p1a: Lapras|Sparkling Aria|p2a: Wobbuffet\n|-damage|p2a: Wobbuffet|37/499 tox\n|move|p2a: Wobbuffet|Encore|p1a: Lapras\n|-start|p1a: Lapras|Encore\n|\n|-heal|p1a: Lapras|243/363|[from] item: Leftovers\n|-damage|p2a: Wobbuffet|6/499 tox|[from] psn\n|upkeep\n|turn|31\n|\n|t:|1685257657\n|move|p1a: Lapras|Sparkling Aria|p2a: Wobbuffet\n|-damage|p2a: Wobbuffet|0 fnt\n|faint|p2a: Wobbuffet\n|\n|-heal|p1a: Lapras|265/363|[from] item: Leftovers\n|upkeep\n|\n|t:|1685257664\n|switch|p2a: Kyurem|Kyurem-White, L74|38/307 tox\n|-ability|p2a: Kyurem|Turboblaze\n|turn|32\n|\n|t:|1685257688\n|move|p2a: Kyurem|Freeze-Dry|p1a: Lapras\n|-crit|p1a: Lapras\n|-damage|p1a: Lapras|136/363\n|move|p1a: Lapras|Sparkling Aria|p2a: Kyurem\n|-resisted|p2a: Kyurem\n|-damage|p2a: Kyurem|0 fnt\n|faint|p2a: Kyurem\n|\n|win|hibye721\n|l|\u2606hibye721\n", "inputlog": ">version d74822bbc74c095aa312053f7034baee3068d99e\n>start {\"formatid\":\"gen8randombattle\",\"seed\":[14227,2314,2235,21483]}\n>player p1 {\"name\":\"hibye721\",\"avatar\":\"bugcatcher-gen4dp\",\"rating\":0,\"seed\":[705,31681,27952,21649]}\n>player p2 {\"name\":\"donutplayerisshit\",\"avatar\":\"cynthia\",\"rating\":0,\"seed\":[19342,45306,48103,57603]}\n>p1 move swordsdance\n>p2 move freezedry\n>p1 move swordsdance\n>p2 switch 6\n>p1 move crushclaw\n>p2 move swordsdance\n>p1 move crushclaw\n>p2 move closecombat\n>p1 switch 5\n>p1 move sparklingaria\n>p2 switch 5\n>p1 move toxic\n>p2 move swordsdance\n>p1 move protect\n>p2 move leafblade\n>p1 switch 2\n>p2 move leafblade\n>p1 switch 3\n>p1 move heatwave\n>p2 move poltergeist\n>p2 switch 4\n>p1 move psychic\n>p2 switch 3\n>p1 move heatwave\n>p2 move swordsdance\n>p1 move heatwave\n>p2 move playrough\n>p1 switch 6\n>p1 move knockoff\n>p2 move playrough\n>p2 switch 3\n>p1 move synthesis\n>p2 move bodypress\n>p1 switch 4\n>p1 move lowkick\n>p2 move toxic\n>p1 move lowkick\n>p2 move rest\n>p2 switch 6\n>p1 switch 2\n>p2 move icebeam\n>p1 move toxic\n>p2 switch 2\n>p1 move protect\n>p2 move charm\n>p1 move toxic\n>p2 move charm\n>p1 move toxic\n>p2 move charm\n>p1 move toxic\n>p2 move charm\n>p1 move protect\n>p2 switch 2\n>p1 move icebeam dynamax\n>p2 move dracometeor dynamax\n>p1 move icebeam dynamax\n>p2 move dracometeor dynamax\n>p1 move icebeam dynamax\n>p2 move dracometeor dynamax\n>p1 move toxic\n>p2 move dracometeor\n>p1 move protect\n>p2 move dracometeor\n>p1 move icebeam\n>p2 switch 5\n>p2 switch 2\n>p1 move sparklingaria\n>p2 move encore\n>p1 move sparklingaria\n>p2 move mirrorcoat\n>p2 switch 5\n>p1 move sparklingaria\n>p2 move freezedry", "uploadtime": 1685257729, "views": 4, "p1id": "hibye721", "p2id": "donutplayerisshit", "formatid": "gen8randombattle", "rating": 0, "private": 0, "password": ""}