{"id": "gen8randombattle-1713004375", "p1": "Subinator", "p2": "Boris Huang - YT", "format": "[Gen 8] Random Battle", "log": "|j|\u2606Subinator\n|j|\u2606Boris Huang - YT\n|t:|1668661288\n|gametype|singles\n|player|p1|Subinator|169|2443\n|player|p2|Boris Huang - YT|#teamgapdos|2416\n|teamsize|p1|6\n|teamsize|p2|6\n|gen|8\n|tier|[Gen 8] Random Battle\n|rated|\n|rule|Species Clause: Limit one of each Pok\u00e9mon\n|rule|HP Percentage Mod: HP is shown in percentages\n|rule|Sleep Clause Mod: Limit one foe put to sleep\n|\n|t:|1668661288\n|start\n|switch|p1a: Beartic|Beartic, L86, F|303/303\n|switch|p2a: Araquanid|Araquanid, L80, M|240/240\n|turn|1\n|inactive|Battle timer is ON: inactive players will automatically lose when time's up. (requested by Boris Huang - YT)\n|\n|t:|1668661302\n|move|p1a: Beartic|Stone Edge|p2a: Araquanid\n|-supereffective|p2a: Araquanid\n|-damage|p2a: Araquanid|0 fnt\n|faint|p2a: Araquanid\n|\n|upkeep\n|\n|t:|1668661306\n|switch|p2a: Diggersby|Diggersby, L80, F|267/267\n|turn|2\n|\n|t:|1668661316\n|switch|p1a: Mudsdale|Mudsdale, L82, F|298/298\n|move|p2a: Diggersby|Swords Dance|p2a: Diggersby\n|-boost|p2a: Diggersby|atk|2\n|\n|upkeep\n|turn|3\n|\n|t:|1668661330\n|switch|p1a: Maractus|Maractus, L95, M|296/296\n|move|p2a: Diggersby|Earthquake|p1a: Maractus\n|-resisted|p1a: Maractus\n|-damage|p1a: Maractus|110/296\n|-damage|p2a: Diggersby|241/267|[from] item: Life Orb\n|\n|-heal|p1a: Maractus|128/296|[from] item: Leftovers\n|upkeep\n|turn|4\n|\n|t:|1668661336\n|move|p1a: Maractus|Spiky Shield|p1a: Maractus\n|-singleturn|p1a: Maractus|move: Protect\n|move|p2a: Diggersby|Earthquake|p1a: Maractus\n|-activate|p1a: Maractus|move: Protect\n|\n|-heal|p1a: Maractus|146/296|[from] item: Leftovers\n|upkeep\n|turn|5\n|\n|t:|1668661340\n|move|p2a: Diggersby|Earthquake|p1a: Maractus\n|-resisted|p1a: Maractus\n|-crit|p1a: Maractus\n|-damage|p1a: Maractus|0 fnt\n|faint|p1a: Maractus\n|-damage|p2a: Diggersby|215/267|[from] item: Life Orb\n|\n|upkeep\n|\n|t:|1668661345\n|switch|p1a: Lunala|Lunala, L72|316/316\n|turn|6\n|\n|t:|1668661357\n|-start|p2a: Diggersby|Dynamax|\n|-heal|p2a: Diggersby|430/534|[silent]\n|move|p1a: Lunala|Psyshock|p2a: Diggersby\n|-damage|p2a: Diggersby|340/534\n|move|p2a: Diggersby|Max Quake|p1a: Lunala\n|-damage|p1a: Lunala|42/316\n|-boost|p2a: Diggersby|spd|1\n|-damage|p2a: Diggersby|314/534|[from] item: Life Orb\n|\n|-heal|p1a: Lunala|61/316|[from] item: Leftovers\n|upkeep\n|turn|7\n|\n|t:|1668661361\n|move|p1a: Lunala|Psyshock|p2a: Diggersby\n|-damage|p2a: Diggersby|211/534\n|move|p2a: Diggersby|Max Quake|p1a: Lunala\n|-damage|p1a: Lunala|0 fnt\n|-boost|p2a: Diggersby|spd|1\n|faint|p1a: Lunala\n|-damage|p2a: Diggersby|185/534|[from] item: Life Orb\n|\n|upkeep\n|\n|t:|1668661376\n|switch|p1a: Articuno|Articuno-Galar, L80|275/275\n|turn|8\n|\n|t:|1668661383\n|-start|p1a: Articuno|Dynamax|\n|-heal|p1a: Articuno|550/550|[silent]\n|move|p1a: Articuno|Max Guard|p1a: Articuno\n|-singleturn|p1a: Articuno|Max Guard\n|move|p2a: Diggersby|Max Strike|p1a: Articuno\n|-activate|p1a: Articuno|move: Max Guard\n|\n|upkeep\n|-end|p2a: Diggersby|Dynamax\n|-heal|p2a: Diggersby|93/267|[silent]\n|turn|9\n|\n|t:|1668661389\n|move|p1a: Articuno|Max Airstream|p2a: Diggersby\n|-damage|p2a: Diggersby|3/267\n|-boost|p1a: Articuno|spe|1\n|move|p2a: Diggersby|Body Slam|p1a: Articuno\n|-damage|p1a: Articuno|260/550\n|-status|p1a: Articuno|par\n|-damage|p2a: Diggersby|0 fnt|[from] item: Life Orb\n|faint|p2a: Diggersby\n|\n|upkeep\n|\n|t:|1668661399\n|switch|p2a: Meowstic|Meowstic-F, L86, F|268/268\n|turn|10\n|\n|t:|1668661401\n|move|p2a: Meowstic|Nasty Plot|p2a: Meowstic\n|-boost|p2a: Meowstic|spa|2\n|move|p1a: Articuno|Max Airstream|p2a: Meowstic\n|-damage|p2a: Meowstic|109/268\n|-boost|p1a: Articuno|spe|1\n|\n|upkeep\n|-end|p1a: Articuno|Dynamax\n|-heal|p1a: Articuno|130/275 par|[silent]\n|turn|11\n|\n|t:|1668661407\n|move|p2a: Meowstic|Thunderbolt|p1a: Articuno\n|-supereffective|p1a: Articuno\n|-damage|p1a: Articuno|0 fnt\n|faint|p1a: Articuno\n|-damage|p2a: Meowstic|83/268|[from] item: Life Orb\n|\n|upkeep\n|\n|t:|1668661411\n|switch|p1a: Goodra|Goodra, L82, M|282/282\n|turn|12\n|\n|t:|1668661429\n|move|p2a: Meowstic|Psychic|p1a: Goodra\n|-damage|p1a: Goodra|183/282\n|-damage|p2a: Meowstic|57/268|[from] item: Life Orb\n|move|p1a: Goodra|Earthquake|p2a: Meowstic\n|-crit|p2a: Meowstic\n|-damage|p2a: Meowstic|0 fnt\n|faint|p2a: Meowstic\n|\n|upkeep\n|\n|t:|1668661432\n|switch|p2a: Zacian|Zacian, L68|238/238\n|-ability|p2a: Zacian|Intrepid Sword|boost\n|-boost|p2a: Zacian|atk|1\n|turn|13\n|\n|t:|1668661436\n|switch|p1a: Mudsdale|Mudsdale, L82, F|298/298\n|move|p2a: Zacian|Swords Dance|p2a: Zacian\n|-boost|p2a: Zacian|atk|2\n|\n|upkeep\n|turn|14\n|\n|t:|1668661453\n|move|p2a: Zacian|Swords Dance|p2a: Zacian\n|-boost|p2a: Zacian|atk|2\n|move|p1a: Mudsdale|Earthquake|p2a: Zacian\n|-damage|p2a: Zacian|109/238\n|\n|upkeep\n|turn|15\n|\n|t:|1668661455\n|move|p2a: Zacian|Play Rough|p1a: Mudsdale\n|-damage|p1a: Mudsdale|33/298\n|-ability|p1a: Mudsdale|Stamina|boost\n|-boost|p1a: Mudsdale|def|1\n|move|p1a: Mudsdale|Earthquake|p2a: Zacian\n|-damage|p2a: Zacian|0 fnt\n|faint|p2a: Zacian\n|\n|-heal|p1a: Mudsdale|51/298|[from] item: Leftovers\n|upkeep\n|\n|t:|1668661462\n|switch|p2a: Cinccino|Cinccino, L84, M|263/263\n|turn|16\n|\n|t:|1668661465\n|move|p2a: Cinccino|Tail Slap|p1a: Mudsdale\n|-damage|p1a: Mudsdale|28/298\n|-ability|p1a: Mudsdale|Stamina|boost\n|-boost|p1a: Mudsdale|def|1\n|-damage|p1a: Mudsdale|11/298\n|-ability|p1a: Mudsdale|Stamina|boost\n|-boost|p1a: Mudsdale|def|1\n|-damage|p1a: Mudsdale|0 fnt\n|faint|p1a: Mudsdale\n|-hitcount|p1: Mudsdale|3\n|-damage|p2a: Cinccino|237/263|[from] item: Life Orb\n|\n|upkeep\n|\n|t:|1668661468\n|switch|p1a: Beartic|Beartic, L86, F|303/303\n|turn|17\n|\n|t:|1668661472\n|switch|p2a: Heatran|Heatran, L78, M|270/270\n|move|p1a: Beartic|Icicle Crash|p2a: Heatran\n|-resisted|p2a: Heatran\n|-damage|p2a: Heatran|229/270\n|\n|-heal|p2a: Heatran|245/270|[from] item: Leftovers\n|upkeep\n|turn|18\n|\n|t:|1668661476\n|switch|p2a: Cinccino|Cinccino, L84, M|237/263\n|switch|p1a: Goodra|Goodra, L82, M|183/282\n|\n|upkeep\n|turn|19\n|\n|t:|1668661482\n|move|p2a: Cinccino|Tail Slap|p1a: Goodra\n|-damage|p1a: Goodra|143/282\n|-damage|p1a: Goodra|100/282\n|-damage|p1a: Goodra|56/282\n|-damage|p1a: Goodra|13/282\n|-damage|p1a: Goodra|0 fnt\n|faint|p1a: Goodra\n|-hitcount|p1: Goodra|5\n|-damage|p2a: Cinccino|211/263|[from] item: Life Orb\n|\n|upkeep\n|\n|t:|1668661484\n|switch|p1a: Beartic|Beartic, L86, F|303/303\n|turn|20\n|\n|t:|1668661488\n|move|p2a: Cinccino|Rock Blast|p1a: Beartic\n|-supereffective|p1a: Beartic\n|-damage|p1a: Beartic|248/303\n|-supereffective|p1a: Beartic\n|-damage|p1a: Beartic|196/303\n|-supereffective|p1a: Beartic\n|-damage|p1a: Beartic|144/303\n|-supereffective|p1a: Beartic\n|-damage|p1a: Beartic|100/303\n|-supereffective|p1a: Beartic\n|-damage|p1a: Beartic|51/303\n|-hitcount|p1a: Beartic|5\n|-damage|p2a: Cinccino|185/263|[from] item: Life Orb\n|move|p1a: Beartic|Superpower|p2a: Cinccino\n|-supereffective|p2a: Cinccino\n|-damage|p2a: Cinccino|0 fnt\n|-unboost|p1a: Beartic|atk|1\n|-unboost|p1a: Beartic|def|1\n|faint|p2a: Cinccino\n|\n|upkeep\n|\n|t:|1668661490\n|switch|p2a: Heatran|Heatran, L78, M|245/270\n|turn|21\n|-message|Subinator forfeited.\n|\n|win|Boris Huang - YT\n|raw|Subinator's rating: 2443 &rarr; <strong>2421</strong><br />(-22 for losing)\n|raw|Boris Huang - YT's rating: 2416 &rarr; <strong>2438</strong><br />(+22 for winning)\n|l|\u2606Subinator\n", "inputlog": ">version 453a3ad56483cc6a5c08448f6577d394b68621b7\n>start {\"formatid\":\"gen8randombattle\",\"seed\":[39883,41554,35348,16627],\"rated\":\"Rated battle\"}\n>player p1 {\"name\":\"Subinator\",\"avatar\":\"169\",\"rating\":2443,\"seed\":[57571,35657,58939,47191]}\n>player p2 {\"name\":\"Boris Huang - YT\",\"avatar\":\"#teamgapdos\",\"rating\":2416,\"seed\":[30391,17171,52748,15292]}\n>p1 move stoneedge\n>p2 move stickyweb\n>p2 switch 4\n>p1 switch 5\n>p2 move swordsdance\n>p1 switch 6\n>p2 move earthquake\n>p1 move spikyshield\n>p2 move earthquake\n>p1 move energyball\n>p2 move earthquake\n>p1 switch 3\n>p1 move psyshock\n>p2 move earthquake dynamax\n>p1 move psyshock\n>p2 move earthquake dynamax\n>p1 switch 4\n>p1 move recover dynamax\n>p2 move bodyslam dynamax\n>p1 move airslash dynamax\n>p2 move bodyslam\n>p2 switch 3\n>p1 move airslash dynamax\n>p2 move nastyplot\n>p1 move airslash\n>p2 move thunderbolt\n>p1 switch 2\n>p1 move earthquake\n>p2 move psychic\n>p2 switch 6\n>p1 switch 6\n>p2 move swordsdance\n>p1 move earthquake\n>p2 move swordsdance\n>p1 move earthquake\n>p2 move playrough\n>p2 switch 5\n>p1 move earthquake\n>p2 move tailslap\n>p1 switch 5\n>p1 move iciclecrash\n>p2 switch 2\n>p1 switch 6\n>p2 switch 2\n>p1 move earthquake\n>p2 move tailslap\n>p1 switch 6\n>p1 move superpower\n>p2 move rockblast\n>p2 switch 2\n>forcelose p1", "uploadtime": 1668661497, "views": 10, "p1id": "subinator", "p2id": "borishuangyt", "formatid": "gen8randombattle", "rating": 2421, "private": 0, "password": null}