|inactive|Battle timer is ON: inactive players will automatically lose when time's up.
|j|☆Gust250634
|j|☆woshinizufw
|t:|1685365719
|gametype|singles
|player|p1|Gust250634|hiker-gen4|
|player|p2|woshinizufw|sage|
|teamsize|p1|1
|teamsize|p2|1
|gen|8
|tier|[Gen 8] Random Battle
|rated|Tournament battle
|rule|Species Clause: Limit one of each Pokémon
|rule|HP Percentage Mod: HP is shown in percentages
|rule|Sleep Clause Mod: Limit one foe put to sleep
|rule|Inverse Mod: Weaknesses become resistances, while resistances and immunities become weaknesses.
|rule|350 Cup Mod: If a Pokemon's BST is 350 or lower, all of its stats get doubled.
|rule|Tier Shift Mod: Pokémon get stat buffs depending on their tier, excluding HP.
|rule|Blitz: Super-fast timer
|rule|Flipped Mod: Pokemon have their stats flipped (HP becomes Spe, vice versa).
|
|t:|1685365719
|start
|switch|p1a: Grimmsnarl|Grimmsnarl, L82, M|233/233
|switch|p2a: Galvantula|Galvantula, L82, F|311/311
|turn|1
|j| lightank
|j| cxzasdfg
|j| yiwanmadai
|
|t:|1685365724
|-start|p1a: Grimmsnarl|Dynamax|
|-heal|p1a: Grimmsnarl|466/466|[silent]
|-start|p2a: Galvantula|Dynamax|
|-heal|p2a: Galvantula|622/622|[silent]
|move|p1a: Grimmsnarl|Max Starfall|p2a: Galvantula
|-damage|p2a: Galvantula|522/622
|-fieldstart|move: Misty Terrain
|move|p2a: Galvantula|Max Lightning|p1a: Grimmsnarl
|-damage|p1a: Grimmsnarl|376/466
|-fieldstart|move: Electric Terrain
|
|upkeep
|turn|2
|inactive|Gust250634 has 10 seconds left.
|
|t:|1685365730
|move|p1a: Grimmsnarl|Max Starfall|p2a: Galvantula
|-damage|p2a: Galvantula|419/622
|-fieldstart|move: Misty Terrain
|move|p2a: Galvantula|Max Flutterby|p1a: Grimmsnarl
|-damage|p1a: Grimmsnarl|292/466
|-unboost|p1a: Grimmsnarl|spa|1
|
|upkeep
|turn|3
|j| cocakk
|
|t:|1685365733
|move|p1a: Grimmsnarl|Max Starfall|p2a: Galvantula
|-damage|p2a: Galvantula|322/622
|move|p2a: Galvantula|Max Flutterby|p1a: Grimmsnarl
|-damage|p1a: Grimmsnarl|207/466
|-unboost|p1a: Grimmsnarl|spa|1
|
|upkeep
|-end|p1a: Grimmsnarl|Dynamax
|-heal|p1a: Grimmsnarl|104/233|[silent]
|-end|p2a: Galvantula|Dynamax
|-heal|p2a: Galvantula|161/311|[silent]
|turn|4
|
|t:|1685365735
|move|p1a: Grimmsnarl|Spirit Break|p2a: Galvantula
|-damage|p2a: Galvantula|103/311
|-unboost|p2a: Galvantula|spa|1
|move|p2a: Galvantula|Thunder|p1a: Grimmsnarl
|-damage|p1a: Grimmsnarl|53/233
|
|upkeep
|turn|5
|
|t:|1685365738
|move|p1a: Grimmsnarl|Spirit Break|p2a: Galvantula
|-damage|p2a: Galvantula|49/311
|-unboost|p2a: Galvantula|spa|1
|move|p2a: Galvantula|Thunder|p1a: Grimmsnarl
|-damage|p1a: Grimmsnarl|16/233
|
|upkeep
|turn|6
|
|t:|1685365741
|move|p1a: Grimmsnarl|Spirit Break|p2a: Galvantula
|-damage|p2a: Galvantula|0 fnt
|faint|p2a: Galvantula
|
|win|Gust250634
|n|☆Gust250634|gust250634
|n|☆woshinizufw|woshinizufw
|n| lightank|lightank
|n| cxzasdfg|cxzasdfg
|n| yiwanmadai|yiwanmadai
|n| cocakk|cocakk
