|j|☆Willbot159
|j|☆TrueSoul77
|t:|1684321364
|gametype|singles
|player|p1|Willbot159|shauntal|
|player|p2|TrueSoul77|liza|
|teamsize|p1|6
|teamsize|p2|6
|gen|8
|tier|[Gen 8] Random Battle
|rule|Species Clause: Limit one of each Pokémon
|rule|HP Percentage Mod: HP is shown in percentages
|rule|Sleep Clause Mod: Limit one foe put to sleep
|
|t:|1684321364
|start
|switch|p1a: Dragalge|Dragalge, L86, F|252/252
|switch|p2a: Tangrowth|Tangrowth, L84, M|305/305
|turn|1
|
|t:|1684321378
|switch|p2a: Cinccino|Cinccino, L84, M|263/263
|move|p1a: Dragalge|Sludge Wave|p2a: Cinccino
|-damage|p2a: Cinccino|73/263
|
|upkeep
|turn|2
|
|t:|1684321386
|move|p2a: Cinccino|Knock Off|p1a: Dragalge
|-damage|p1a: Dragalge|154/252
|-enditem|p1a: Dragalge|Black Sludge|[from] move: Knock Off|[of] p2a: Cinccino
|move|p1a: Dragalge|Focus Blast|p2a: Cinccino|[miss]
|-miss|p1a: Dragalge|p2a: Cinccino
|
|upkeep
|turn|3
|
|t:|1684321404
|move|p2a: Cinccino|Knock Off|p1a: Dragalge
|-damage|p1a: Dragalge|84/252
|move|p1a: Dragalge|Sludge Wave|p2a: Cinccino
|-damage|p2a: Cinccino|0 fnt
|faint|p2a: Cinccino
|
|upkeep
|
|t:|1684321417
|switch|p2a: Cinderace|Cinderace, L74, F|240/240
|turn|4
|
|t:|1684321427
|move|p2a: Cinderace|Bulk Up|p2a: Cinderace
|-start|p2a: Cinderace|typechange|Fighting|[from] ability: Libero
|-boost|p2a: Cinderace|atk|1
|-boost|p2a: Cinderace|def|1
|move|p1a: Dragalge|Toxic Spikes|p2a: Cinderace
|-sidestart|p2: TrueSoul77|move: Toxic Spikes
|
|upkeep
|turn|5
|
|t:|1684321435
|move|p2a: Cinderace|Bulk Up|p2a: Cinderace
|-boost|p2a: Cinderace|atk|1
|-boost|p2a: Cinderace|def|1
|move|p1a: Dragalge|Focus Blast|p2a: Cinderace
|-damage|p2a: Cinderace|126/240
|
|upkeep
|turn|6
|
|t:|1684321444
|move|p2a: Cinderace|Bulk Up|p2a: Cinderace
|-boost|p2a: Cinderace|atk|1
|-boost|p2a: Cinderace|def|1
|move|p1a: Dragalge|Draco Meteor|p2a: Cinderace|[miss]
|-miss|p1a: Dragalge|p2a: Cinderace
|
|upkeep
|turn|7
|
|t:|1684321452
|move|p2a: Cinderace|Pyro Ball|p1a: Dragalge
|-start|p2a: Cinderace|typechange|Fire|[from] ability: Libero
|-resisted|p1a: Dragalge
|-damage|p1a: Dragalge|0 fnt
|faint|p1a: Dragalge
|
|upkeep
|
|t:|1684321467
|switch|p1a: Nihilego|Nihilego, L79|302/302
|turn|8
|
|t:|1684321477
|move|p2a: Cinderace|Sucker Punch|p1a: Nihilego
|-start|p2a: Cinderace|typechange|Dark|[from] ability: Libero
|-damage|p1a: Nihilego|47/302
|move|p1a: Nihilego|Power Gem|p2a: Cinderace
|-damage|p2a: Cinderace|0 fnt
|faint|p2a: Cinderace
|-ability|p1a: Nihilego|Beast Boost|boost
|-boost|p1a: Nihilego|spa|1
|
|-heal|p1a: Nihilego|65/302|[from] item: Black Sludge
|upkeep
|
|t:|1684321493
|switch|p2a: Tangrowth|Tangrowth, L84, M|305/305
|-status|p2a: Tangrowth|psn
|turn|9
|
|t:|1684321502
|move|p1a: Nihilego|Stealth Rock|p2a: Tangrowth
|-sidestart|p2: TrueSoul77|move: Stealth Rock
|move|p2a: Tangrowth|Giga Drain|p1a: Nihilego
|-damage|p1a: Nihilego|0 fnt
|faint|p1a: Nihilego
|
|-damage|p2a: Tangrowth|267/305 psn|[from] psn
|upkeep
|
|t:|1684321506
|switch|p1a: Mr. Mime|Mr. Mime-Galar, L86, M|226/226
|turn|10
|
|t:|1684321513
|move|p1a: Mr. Mime|Nasty Plot|p1a: Mr. Mime
|-boost|p1a: Mr. Mime|spa|2
|move|p2a: Tangrowth|Knock Off|p1a: Mr. Mime
|-supereffective|p1a: Mr. Mime
|-damage|p1a: Mr. Mime|108/226
|-enditem|p1a: Mr. Mime|Eviolite|[from] move: Knock Off|[of] p2a: Tangrowth
|
|-damage|p2a: Tangrowth|229/305 psn|[from] psn
|upkeep
|turn|11
|
|t:|1684321524
|move|p1a: Mr. Mime|Freeze-Dry|p2a: Tangrowth
|-supereffective|p2a: Tangrowth
|-damage|p2a: Tangrowth|0 fnt
|faint|p2a: Tangrowth
|
|upkeep
|
|t:|1684321538
|switch|p2a: Inteleon|Inteleon, L80, F|243/243
|-status|p2a: Inteleon|psn
|-damage|p2a: Inteleon|213/243 psn|[from] Stealth Rock
|turn|12
|
|t:|1684321546
|move|p2a: Inteleon|Ice Beam|p1a: Mr. Mime
|-resisted|p1a: Mr. Mime
|-damage|p1a: Mr. Mime|58/226
|move|p1a: Mr. Mime|Focus Blast|p2a: Inteleon
|-crit|p2a: Inteleon
|-damage|p2a: Inteleon|0 fnt
|faint|p2a: Inteleon
|
|upkeep
|
|t:|1684321557
|switch|p2a: Landorus|Landorus, L76, M|260/260
|-damage|p2a: Landorus|228/260|[from] Stealth Rock
|turn|13
|
|t:|1684321569
|move|p1a: Mr. Mime|Freeze-Dry|p2a: Landorus
|-supereffective|p2a: Landorus
|-damage|p2a: Landorus|0 fnt
|faint|p2a: Landorus
|
|upkeep
|
|t:|1684321575
|switch|p2a: Kyurem|Kyurem-White, L74|307/307
|-ability|p2a: Kyurem|Turboblaze
|turn|14
|
|t:|1684321588
|move|p1a: Mr. Mime|Focus Blast|p2a: Kyurem
|-supereffective|p2a: Kyurem
|-damage|p2a: Kyurem|0 fnt
|faint|p2a: Kyurem
|
|win|Willbot159
