|j|☆DerpyFlareon
|j|☆Jacknightdragon
|t:|1685506319
|gametype|singles
|player|p1|DerpyFlareon|cynthia|
|player|p2|Jacknightdragon|hilbert-wonderlauncher|
|teamsize|p1|6
|teamsize|p2|6
|gen|8
|tier|[Gen 8] Random Battle
|rule|Species Clause: Limit one of each Pokémon
|rule|HP Percentage Mod: HP is shown in percentages
|rule|Sleep Clause Mod: Limit one foe put to sleep
|
|t:|1685506319
|start
|switch|p1a: Giratina|Giratina-Origin, L74|344/344
|switch|p2a: Cresselia|Cresselia, L80, F|323/323
|turn|1
|j| deeplyunderground
|
|t:|1685506580
|move|p2a: Cresselia|Moonblast|p1a: Giratina
|-supereffective|p1a: Giratina
|-damage|p1a: Giratina|246/344
|-unboost|p1a: Giratina|spa|1
|move|p1a: Giratina|Hone Claws|p1a: Giratina
|-boost|p1a: Giratina|atk|1
|-boost|p1a: Giratina|accuracy|1
|
|upkeep
|turn|2
|
|t:|1685506591
|move|p2a: Cresselia|Toxic|p1a: Giratina
|-status|p1a: Giratina|tox
|move|p1a: Giratina|Poltergeist|p2a: Cresselia
|-activate|p2a: Cresselia|move: Poltergeist|Leftovers
|-supereffective|p2a: Cresselia
|-damage|p2a: Cresselia|0 fnt
|faint|p2a: Cresselia
|
|-damage|p1a: Giratina|225/344 tox|[from] psn
|upkeep
|
|t:|1685506610
|switch|p2a: Morpeko|Morpeko, L86, F|240/240
|turn|3
|
|t:|1685506635
|move|p2a: Morpeko|Foul Play|p1a: Giratina
|-supereffective|p1a: Giratina
|-damage|p1a: Giratina|0 fnt
|faint|p1a: Giratina
|
|-formechange|p2a: Morpeko|Morpeko-Hangry||[from] ability: Hunger Switch
|upkeep
|
|t:|1685506644
|switch|p1a: Grimmsnarl|Grimmsnarl, L82, M|290/290
|turn|4
|
|t:|1685506659
|move|p1a: Grimmsnarl|Reflect|p1a: Grimmsnarl
|-sidestart|p1: DerpyFlareon|Reflect
|move|p2a: Morpeko|Parting Shot|p1a: Grimmsnarl
|-unboost|p1a: Grimmsnarl|atk|1
|-unboost|p1a: Grimmsnarl|spa|1
|
|t:|1685506670
|switch|p2a: Volcarona|Volcarona, L76, M|254/254|[from] Parting Shot
|
|upkeep
|turn|5
|
|t:|1685506675
|move|p1a: Grimmsnarl|Light Screen|p1a: Grimmsnarl
|-sidestart|p1: DerpyFlareon|move: Light Screen
|move|p2a: Volcarona|Quiver Dance|p2a: Volcarona
|-boost|p2a: Volcarona|spa|1
|-boost|p2a: Volcarona|spd|1
|-boost|p2a: Volcarona|spe|1
|
|upkeep
|turn|6
|
|t:|1685506681
|move|p1a: Grimmsnarl|Thunder Wave|p2a: Volcarona
|-status|p2a: Volcarona|par
|move|p2a: Volcarona|Quiver Dance|p2a: Volcarona
|-boost|p2a: Volcarona|spa|1
|-boost|p2a: Volcarona|spd|1
|-boost|p2a: Volcarona|spe|1
|
|upkeep
|turn|7
|
|t:|1685506688
|move|p2a: Volcarona|Quiver Dance|p2a: Volcarona
|-boost|p2a: Volcarona|spa|1
|-boost|p2a: Volcarona|spd|1
|-boost|p2a: Volcarona|spe|1
|move|p1a: Grimmsnarl|Spirit Break|p2a: Volcarona
|-resisted|p2a: Volcarona
|-damage|p2a: Volcarona|216/254 par
|-unboost|p2a: Volcarona|spa|1
|
|upkeep
|turn|8
|
|t:|1685506696
|switch|p1a: Milotic|Milotic, L82, M|290/290
|move|p2a: Volcarona|Bug Buzz|p1a: Milotic
|-damage|p1a: Milotic|217/290
|
|-heal|p1a: Milotic|235/290|[from] item: Leftovers
|upkeep
|turn|9
|
|t:|1685506708
|-start|p2a: Volcarona|Dynamax|
|-heal|p2a: Volcarona|432/508 par|[silent]
|move|p2a: Volcarona|Max Flutterby|p1a: Milotic
|-damage|p1a: Milotic|130/290
|-unboost|p1a: Milotic|spa|1
|-ability|p1a: Milotic|Competitive|boost
|-boost|p1a: Milotic|spa|2
|move|p1a: Milotic|Haze|p1a: Milotic
|-clearallboost
|
|-heal|p1a: Milotic|148/290|[from] item: Leftovers
|upkeep
|turn|10
|
|t:|1685506720
|move|p1a: Milotic|Recover|p1a: Milotic
|-heal|p1a: Milotic|290/290
|cant|p2a: Volcarona|par
|
|upkeep
|turn|11
|
|t:|1685506745
|move|p1a: Milotic|Scald|p2a: Volcarona
|-supereffective|p2a: Volcarona
|-damage|p2a: Volcarona|274/508 par
|move|p2a: Volcarona|Max Flare|p1a: Milotic
|-resisted|p1a: Milotic
|-damage|p1a: Milotic|260/290
|-weather|SunnyDay
|
|-weather|SunnyDay|[upkeep]
|-heal|p1a: Milotic|278/290|[from] item: Leftovers
|-sideend|p1: DerpyFlareon|Reflect
|upkeep
|-end|p2a: Volcarona|Dynamax
|-heal|p2a: Volcarona|137/254 par|[silent]
|turn|12
|
|t:|1685506762
|move|p1a: Milotic|Scald|p2a: Volcarona
|-supereffective|p2a: Volcarona
|-damage|p2a: Volcarona|53/254 par
|cant|p2a: Volcarona|par
|
|-weather|SunnyDay|[upkeep]
|-heal|p1a: Milotic|290/290|[from] item: Leftovers
|-sideend|p1: DerpyFlareon|move: Light Screen
|upkeep
|turn|13
|
|t:|1685506771
|move|p1a: Milotic|Scald|p2a: Volcarona
|-supereffective|p2a: Volcarona
|-damage|p2a: Volcarona|0 fnt
|faint|p2a: Volcarona
|
|-weather|SunnyDay|[upkeep]
|upkeep
|
|t:|1685506777
|switch|p2a: Morpeko|Morpeko, L86, F|240/240
|turn|14
|
|t:|1685506785
|switch|p1a: Shedinja|Shedinja, L88|1/1
|move|p2a: Morpeko|Aura Wheel|p1a: Shedinja
|-immune|p1a: Shedinja|[from] ability: Wonder Guard
|
|-weather|SunnyDay|[upkeep]
|-formechange|p2a: Morpeko|Morpeko-Hangry||[from] ability: Hunger Switch
|upkeep
|turn|15
|
|t:|1685506795
|switch|p1a: Grimmsnarl|Grimmsnarl, L82, M|290/290
|move|p2a: Morpeko|Foul Play|p1a: Grimmsnarl
|-resisted|p1a: Grimmsnarl
|-damage|p1a: Grimmsnarl|249/290
|
|-weather|none
|-formechange|p2a: Morpeko|Morpeko||[from] ability: Hunger Switch
|upkeep
|turn|16
|
|t:|1685506804
|move|p2a: Morpeko|Protect|p2a: Morpeko
|-singleturn|p2a: Morpeko|Protect
|move|p1a: Grimmsnarl|Reflect|p1a: Grimmsnarl
|-sidestart|p1: DerpyFlareon|Reflect
|
|-formechange|p2a: Morpeko|Morpeko-Hangry||[from] ability: Hunger Switch
|upkeep
|turn|17
|
|t:|1685506809
|move|p2a: Morpeko|Aura Wheel|p1a: Grimmsnarl
|-resisted|p1a: Grimmsnarl
|-damage|p1a: Grimmsnarl|231/290
|-boost|p2a: Morpeko|spe|1
|move|p1a: Grimmsnarl|Spirit Break|p2a: Morpeko
|-supereffective|p2a: Morpeko
|-damage|p2a: Morpeko|4/240
|-unboost|p2a: Morpeko|spa|1
|
|-heal|p2a: Morpeko|19/240|[from] item: Leftovers
|-formechange|p2a: Morpeko|Morpeko||[from] ability: Hunger Switch
|upkeep
|turn|18
|
|t:|1685506825
|move|p2a: Morpeko|Protect|p2a: Morpeko
|-singleturn|p2a: Morpeko|Protect
|move|p1a: Grimmsnarl|Spirit Break|p2a: Morpeko
|-activate|p2a: Morpeko|move: Protect
|
|-heal|p2a: Morpeko|34/240|[from] item: Leftovers
|-formechange|p2a: Morpeko|Morpeko-Hangry||[from] ability: Hunger Switch
|upkeep
|turn|19
|
|t:|1685506832
|move|p2a: Morpeko|Parting Shot|p1a: Grimmsnarl
|-unboost|p1a: Grimmsnarl|atk|1
|-unboost|p1a: Grimmsnarl|spa|1
|
|t:|1685506836
|switch|p2a: Ninetales|Ninetales, L82, M|254/254|[from] Parting Shot
|-weather|SunnyDay|[from] ability: Drought|[of] p2a: Ninetales
|move|p1a: Grimmsnarl|Spirit Break|p2a: Ninetales
|-resisted|p2a: Ninetales
|-damage|p2a: Ninetales|218/254
|-unboost|p2a: Ninetales|spa|1
|
|-weather|SunnyDay|[upkeep]
|upkeep
|turn|20
|
|t:|1685506847
|move|p1a: Grimmsnarl|Light Screen|p1a: Grimmsnarl
|-sidestart|p1: DerpyFlareon|move: Light Screen
|move|p2a: Ninetales|Nasty Plot|p2a: Ninetales
|-boost|p2a: Ninetales|spa|2
|
|-weather|SunnyDay|[upkeep]
|upkeep
|turn|21
|
|t:|1685506852
|move|p1a: Grimmsnarl|Thunder Wave|p2a: Ninetales|[miss]
|-miss|p1a: Grimmsnarl|p2a: Ninetales
|move|p2a: Ninetales|Fire Blast|p1a: Grimmsnarl
|-damage|p1a: Grimmsnarl|113/290
|
|-weather|SunnyDay|[upkeep]
|upkeep
|turn|22
|
|t:|1685506858
|move|p2a: Ninetales|Fire Blast|p1a: Grimmsnarl
|-damage|p1a: Grimmsnarl|0 fnt
|faint|p1a: Grimmsnarl
|
|-weather|SunnyDay|[upkeep]
|upkeep
|
|t:|1685506865
|switch|p1a: Keldeo|Keldeo-Resolute, L79|273/273
|turn|23
|
|t:|1685506870
|move|p1a: Keldeo|Substitute|p1a: Keldeo
|-start|p1a: Keldeo|Substitute
|-damage|p1a: Keldeo|205/273
|move|p2a: Ninetales|Solar Beam||[still]
|-prepare|p2a: Ninetales|Solar Beam
|-anim|p2a: Ninetales|Solar Beam|p1a: Keldeo
|-supereffective|p1a: Keldeo
|-end|p1a: Keldeo|Substitute
|
|-weather|none
|-heal|p1a: Keldeo|222/273|[from] item: Leftovers
|-sideend|p1: DerpyFlareon|Reflect
|upkeep
|turn|24
|
|t:|1685506883
|switch|p2a: Morpeko|Morpeko, L86, F|34/240
|move|p1a: Keldeo|Substitute|p1a: Keldeo
|-start|p1a: Keldeo|Substitute
|-damage|p1a: Keldeo|154/273
|
|-heal|p1a: Keldeo|171/273|[from] item: Leftovers
|-heal|p2a: Morpeko|49/240|[from] item: Leftovers
|-formechange|p2a: Morpeko|Morpeko-Hangry||[from] ability: Hunger Switch
|upkeep
|turn|25
|
|t:|1685506897
|move|p1a: Keldeo|Calm Mind|p1a: Keldeo
|-boost|p1a: Keldeo|spa|1
|-boost|p1a: Keldeo|spd|1
|move|p2a: Morpeko|Aura Wheel|p1a: Keldeo
|-resisted|p1a: Keldeo
|-activate|p1a: Keldeo|move: Substitute|[damage]
|-boost|p2a: Morpeko|spe|1
|
|-heal|p2a: Morpeko|64/240|[from] item: Leftovers
|-heal|p1a: Keldeo|188/273|[from] item: Leftovers
|-formechange|p2a: Morpeko|Morpeko||[from] ability: Hunger Switch
|upkeep
|turn|26
|
|t:|1685506914
|move|p2a: Morpeko|Aura Wheel|p1a: Keldeo
|-supereffective|p1a: Keldeo
|-end|p1a: Keldeo|Substitute
|-boost|p2a: Morpeko|spe|1
|move|p1a: Keldeo|Secret Sword|p2a: Morpeko
|-supereffective|p2a: Morpeko
|-damage|p2a: Morpeko|0 fnt
|faint|p2a: Morpeko
|
|-heal|p1a: Keldeo|205/273|[from] item: Leftovers
|upkeep
|
|t:|1685506927
|switch|p2a: Scyther|Scyther, L81, F|246/246
|turn|27
|
|t:|1685506936
|-start|p1a: Keldeo|Dynamax|
|-heal|p1a: Keldeo|410/546|[silent]
|move|p2a: Scyther|Dual Wingbeat|p1a: Keldeo
|-supereffective|p1a: Keldeo
|-damage|p1a: Keldeo|278/546
|-supereffective|p1a: Keldeo
|-damage|p1a: Keldeo|144/546
|-hitcount|p1a: Keldeo|2
|move|p1a: Keldeo|Max Geyser|p2a: Scyther
|-damage|p2a: Scyther|0 fnt
|-weather|RainDance
|faint|p2a: Scyther
|
|-weather|RainDance|[upkeep]
|-heal|p1a: Keldeo|161/546|[from] item: Leftovers
|-sideend|p1: DerpyFlareon|move: Light Screen
|upkeep
|
|t:|1685506952
|switch|p2a: Ninetales|Ninetales, L82, M|218/254
|-weather|SunnyDay|[from] ability: Drought|[of] p2a: Ninetales
|turn|28
|
|t:|1685506960
|move|p1a: Keldeo|Max Geyser|p2a: Ninetales
|-supereffective|p2a: Ninetales
|-damage|p2a: Ninetales|0 fnt
|-weather|RainDance
|faint|p2a: Ninetales
|
|-weather|RainDance|[upkeep]
|-heal|p1a: Keldeo|178/546|[from] item: Leftovers
|upkeep
|
|t:|1685506966
|switch|p2a: Absol|Absol, L84, F|246/246
|turn|29
|
|t:|1685506974
|move|p1a: Keldeo|Max Knuckle|p2a: Absol
|-supereffective|p2a: Absol
|-damage|p2a: Absol|0 fnt
|-boost|p1a: Keldeo|atk|1
|faint|p2a: Absol
|
|win|DerpyFlareon
