{"id": "gen8randombattle-1711096678", "p1": "Khoa Alex 45", "p2": "pmawarrior", "format": "[Gen 8] Random Battle", "log": "|j|\u2606Khoa Alex 45\n|j|\u2606pmawarrior\n|t:|1668476281\n|gametype|singles\n|player|p1|Khoa Alex 45|102|2439\n|player|p2|pmawarrior|169|2469\n|teamsize|p1|6\n|teamsize|p2|6\n|gen|8\n|tier|[Gen 8] Random Battle\n|rated|\n|rule|Species Clause: Limit one of each Pok\u00e9mon\n|rule|HP Percentage Mod: HP is shown in percentages\n|rule|Sleep Clause Mod: Limit one foe put to sleep\n|\n|t:|1668476281\n|start\n|switch|p1a: Beartic|Beartic, L86, F|304/304\n|switch|p2a: Gigalith|Gigalith, L82, M|274/274\n|-weather|Sandstorm|[from] ability: Sand Stream|[of] p2a: Gigalith\n|turn|1\n|\n|t:|1668476299\n|switch|p1a: Skarmory|Skarmory, L80, F|235/235\n|move|p2a: Gigalith|Stone Edge|p1a: Skarmory\n|-damage|p1a: Skarmory|136/235\n|\n|-weather|Sandstorm|[upkeep]\n|-heal|p1a: Skarmory|150/235|[from] item: Leftovers\n|upkeep\n|turn|2\n|\n|t:|1668476311\n|move|p1a: Skarmory|Spikes|p2a: Gigalith\n|-sidestart|p2: pmawarrior|Spikes\n|move|p2a: Gigalith|Stealth Rock|p1a: Skarmory\n|-sidestart|p1: Khoa Alex 45|move: Stealth Rock\n|\n|-weather|Sandstorm|[upkeep]\n|-heal|p1a: Skarmory|164/235|[from] item: Leftovers\n|upkeep\n|turn|3\n|\n|t:|1668476321\n|switch|p2a: Ho-Oh|Ho-Oh, L72|272/272\n|move|p1a: Skarmory|Roost|p1a: Skarmory\n|-heal|p1a: Skarmory|235/235\n|-singleturn|p1a: Skarmory|move: Roost\n|\n|-weather|Sandstorm|[upkeep]\n|-damage|p2a: Ho-Oh|255/272|[from] Sandstorm\n|upkeep\n|turn|4\n|\n|t:|1668476327\n|switch|p1a: Steelix|Steelix, L84, F|263/263\n|-damage|p1a: Steelix|255/263|[from] Stealth Rock\n|move|p2a: Ho-Oh|Sacred Fire|p1a: Steelix\n|-supereffective|p1a: Steelix\n|-damage|p1a: Steelix|163/263\n|-status|p1a: Steelix|brn\n|\n|-weather|Sandstorm|[upkeep]\n|-damage|p2a: Ho-Oh|238/272|[from] Sandstorm\n|-heal|p1a: Steelix|179/263 brn|[from] item: Leftovers\n|-damage|p1a: Steelix|163/263 brn|[from] brn\n|upkeep\n|turn|5\n|\n|t:|1668476349\n|move|p2a: Ho-Oh|Sacred Fire|p1a: Steelix\n|-supereffective|p1a: Steelix\n|-damage|p1a: Steelix|61/263 brn\n|move|p1a: Steelix|Stealth Rock|p2a: Ho-Oh\n|-sidestart|p2: pmawarrior|move: Stealth Rock\n|\n|-weather|none\n|-heal|p1a: Steelix|77/263 brn|[from] item: Leftovers\n|-damage|p1a: Steelix|61/263 brn|[from] brn\n|upkeep\n|turn|6\n|\n|t:|1668476354\n|move|p2a: Ho-Oh|Sacred Fire|p1a: Steelix\n|-supereffective|p1a: Steelix\n|-damage|p1a: Steelix|0 fnt\n|faint|p1a: Steelix\n|\n|upkeep\n|\n|t:|1668476359\n|switch|p1a: Marowak|Marowak-Alola, L84, F|238/238\n|-damage|p1a: Marowak|179/238|[from] Stealth Rock\n|turn|7\n|\n|t:|1668476374\n|move|p2a: Ho-Oh|Toxic|p1a: Marowak\n|-status|p1a: Marowak|tox\n|move|p1a: Marowak|Poltergeist|p2a: Ho-Oh\n|-activate|p2a: Ho-Oh|move: Poltergeist|Heavy-Duty Boots\n|-damage|p2a: Ho-Oh|24/272\n|\n|-damage|p1a: Marowak|165/238 tox|[from] psn\n|upkeep\n|turn|8\n|\n|t:|1668476390\n|switch|p2a: Snorlax|Snorlax, L82, M|397/397\n|-damage|p2a: Snorlax|348/397|[from] Spikes\n|-damage|p2a: Snorlax|299/397|[from] Stealth Rock\n|move|p1a: Marowak|Poltergeist|p2a: Snorlax\n|-immune|p2a: Snorlax\n|\n|-damage|p1a: Marowak|137/238 tox|[from] psn\n|upkeep\n|turn|9\n|\n|t:|1668476403\n|move|p1a: Marowak|Flare Blitz|p2a: Snorlax\n|-damage|p2a: Snorlax|172/397\n|-damage|p1a: Marowak|95/238 tox|[from] Recoil\n|move|p2a: Snorlax|Curse|p2a: Snorlax\n|-unboost|p2a: Snorlax|spe|1\n|-boost|p2a: Snorlax|atk|1\n|-boost|p2a: Snorlax|def|1\n|\n|-damage|p1a: Marowak|53/238 tox|[from] psn\n|upkeep\n|turn|10\n|\n|t:|1668476409\n|switch|p1a: Skarmory|Skarmory, L80, F|235/235\n|-damage|p1a: Skarmory|206/235|[from] Stealth Rock\n|move|p2a: Snorlax|Rest|p2a: Snorlax\n|-status|p2a: Snorlax|slp|[from] move: Rest\n|-heal|p2a: Snorlax|397/397 slp|[silent]\n|-enditem|p2a: Snorlax|Chesto Berry|[eat]\n|-curestatus|p2a: Snorlax|slp|[msg]\n|\n|-heal|p1a: Skarmory|220/235|[from] item: Leftovers\n|upkeep\n|turn|11\n|\n|t:|1668476413\n|move|p1a: Skarmory|Spikes|p2a: Snorlax\n|-sidestart|p2: pmawarrior|Spikes\n|move|p2a: Snorlax|Body Slam|p1a: Skarmory\n|-resisted|p1a: Skarmory\n|-damage|p1a: Skarmory|172/235\n|\n|-heal|p1a: Skarmory|186/235|[from] item: Leftovers\n|upkeep\n|turn|12\n|\n|t:|1668476421\n|move|p1a: Skarmory|Spikes|p2a: Snorlax\n|-sidestart|p2: pmawarrior|Spikes\n|move|p2a: Snorlax|Body Slam|p1a: Skarmory\n|-resisted|p1a: Skarmory\n|-damage|p1a: Skarmory|138/235\n|\n|-heal|p1a: Skarmory|152/235|[from] item: Leftovers\n|upkeep\n|turn|13\n|\n|t:|1668476426\n|move|p1a: Skarmory|Roost|p1a: Skarmory\n|-heal|p1a: Skarmory|235/235\n|-singleturn|p1a: Skarmory|move: Roost\n|move|p2a: Snorlax|Body Slam|p1a: Skarmory\n|-resisted|p1a: Skarmory\n|-damage|p1a: Skarmory|181/235\n|-status|p1a: Skarmory|par\n|\n|-heal|p1a: Skarmory|195/235 par|[from] item: Leftovers\n|upkeep\n|turn|14\n|\n|t:|1668476431\n|cant|p1a: Skarmory|par\n|move|p2a: Snorlax|Curse|p2a: Snorlax\n|-unboost|p2a: Snorlax|spe|1\n|-boost|p2a: Snorlax|atk|1\n|-boost|p2a: Snorlax|def|1\n|\n|-heal|p1a: Skarmory|209/235 par|[from] item: Leftovers\n|upkeep\n|turn|15\n|\n|t:|1668476442\n|move|p2a: Snorlax|Curse|p2a: Snorlax\n|-unboost|p2a: Snorlax|spe|1\n|-boost|p2a: Snorlax|atk|1\n|-boost|p2a: Snorlax|def|1\n|move|p1a: Skarmory|Whirlwind|p2a: Snorlax\n|drag|p2a: Sylveon|Sylveon, L84, F|297/297\n|-damage|p2a: Sylveon|223/297|[from] Spikes\n|-damage|p2a: Sylveon|186/297|[from] Stealth Rock\n|\n|-heal|p2a: Sylveon|204/297|[from] item: Leftovers\n|-heal|p1a: Skarmory|223/235 par|[from] item: Leftovers\n|upkeep\n|turn|16\n|\n|t:|1668476450\n|move|p2a: Sylveon|Calm Mind|p2a: Sylveon\n|-boost|p2a: Sylveon|spa|1\n|-boost|p2a: Sylveon|spd|1\n|cant|p1a: Skarmory|par\n|\n|-heal|p2a: Sylveon|222/297|[from] item: Leftovers\n|-heal|p1a: Skarmory|235/235 par|[from] item: Leftovers\n|upkeep\n|turn|17\n|\n|t:|1668476456\n|move|p2a: Sylveon|Hyper Voice|p1a: Skarmory\n|-resisted|p1a: Skarmory\n|-damage|p1a: Skarmory|109/235 par\n|move|p1a: Skarmory|Whirlwind|p2a: Sylveon\n|drag|p2a: Snorlax|Snorlax, L82, M|397/397\n|-damage|p2a: Snorlax|298/397|[from] Spikes\n|-damage|p2a: Snorlax|249/397|[from] Stealth Rock\n|\n|-heal|p1a: Skarmory|123/235 par|[from] item: Leftovers\n|upkeep\n|turn|18\n|\n|t:|1668476462\n|switch|p2a: Ho-Oh|Ho-Oh, L72|114/272\n|move|p1a: Skarmory|Brave Bird|p2a: Ho-Oh\n|-damage|p2a: Ho-Oh|6/272\n|-damage|p1a: Skarmory|87/235 par|[from] Recoil\n|\n|-heal|p1a: Skarmory|101/235 par|[from] item: Leftovers\n|upkeep\n|turn|19\n|\n|t:|1668476468\n|switch|p1a: Marowak|Marowak-Alola, L84, F|53/238 tox\n|-damage|p1a: Marowak|0 fnt|[from] Stealth Rock\n|faint|p1a: Marowak\n|move|p2a: Ho-Oh|Sacred Fire|p1: Marowak|[notarget]\n|-fail|p2a: Ho-Oh\n|\n|upkeep\n|\n|t:|1668476475\n|switch|p1a: Ninjask|Ninjask, L86, M|245/245\n|-damage|p1a: Ninjask|123/245|[from] Stealth Rock\n|turn|20\n|\n|t:|1668476492\n|switch|p2a: Snorlax|Snorlax, L82, M|249/397\n|-damage|p2a: Snorlax|150/397|[from] Spikes\n|-damage|p2a: Snorlax|101/397|[from] Stealth Rock\n|move|p1a: Ninjask|Leech Life|p2a: Snorlax\n|-damage|p2a: Snorlax|0 fnt\n|-heal|p1a: Ninjask|174/245|[from] drain|[of] p2a: Snorlax\n|faint|p2a: Snorlax\n|\n|-ability|p1a: Ninjask|Speed Boost|boost\n|-boost|p1a: Ninjask|spe|1\n|upkeep\n|\n|t:|1668476499\n|switch|p2a: Gigalith|Gigalith, L82, M|274/274\n|-damage|p2a: Gigalith|206/274|[from] Spikes\n|-damage|p2a: Gigalith|172/274|[from] Stealth Rock\n|-weather|Sandstorm|[from] ability: Sand Stream|[of] p2a: Gigalith\n|turn|21\n|\n|t:|1668476503\n|move|p1a: Ninjask|U-turn|p2a: Gigalith\n|-damage|p2a: Gigalith|114/274\n|\n|t:|1668476507\n|switch|p1a: Skarmory|Skarmory, L80, F|101/235 par\n|-damage|p1a: Skarmory|72/235 par|[from] Stealth Rock\n|move|p2a: Gigalith|Stone Edge|p1a: Skarmory\n|-damage|p1a: Skarmory|0 fnt\n|faint|p1a: Skarmory\n|\n|-weather|Sandstorm|[upkeep]\n|-heal|p2a: Gigalith|131/274|[from] item: Leftovers\n|upkeep\n|\n|t:|1668476512\n|switch|p1a: Rillaboom|Rillaboom, L78, F|284/284\n|-damage|p1a: Rillaboom|249/284|[from] Stealth Rock\n|-fieldstart|move: Grassy Terrain|[from] ability: Grassy Surge|[of] p1a: Rillaboom\n|turn|22\n|\n|t:|1668476520\n|move|p1a: Rillaboom|Grassy Glide|p2a: Gigalith\n|-supereffective|p2a: Gigalith\n|-damage|p2a: Gigalith|0 fnt\n|faint|p2a: Gigalith\n|-damage|p1a: Rillaboom|221/284|[from] item: Life Orb\n|\n|-weather|Sandstorm|[upkeep]\n|-damage|p1a: Rillaboom|204/284|[from] Sandstorm\n|-heal|p1a: Rillaboom|221/284|[from] Grassy Terrain\n|upkeep\n|\n|t:|1668476532\n|switch|p2a: Ho-Oh|Ho-Oh, L72|96/272\n|turn|23\n|\n|t:|1668476534\n|switch|p2a: Sylveon|Sylveon, L84, F|222/297\n|-damage|p2a: Sylveon|148/297|[from] Spikes\n|-damage|p2a: Sylveon|111/297|[from] Stealth Rock\n|move|p1a: Rillaboom|Knock Off|p2a: Sylveon\n|-resisted|p2a: Sylveon\n|-damage|p2a: Sylveon|53/297\n|-enditem|p2a: Sylveon|Leftovers|[from] move: Knock Off|[of] p1a: Rillaboom\n|-damage|p1a: Rillaboom|193/284|[from] item: Life Orb\n|\n|-weather|Sandstorm|[upkeep]\n|-damage|p1a: Rillaboom|176/284|[from] Sandstorm\n|-damage|p2a: Sylveon|35/297|[from] Sandstorm\n|-heal|p1a: Rillaboom|193/284|[from] Grassy Terrain\n|-heal|p2a: Sylveon|53/297|[from] Grassy Terrain\n|upkeep\n|turn|24\n|\n|t:|1668476538\n|move|p1a: Rillaboom|Grassy Glide|p2a: Sylveon\n|-damage|p2a: Sylveon|0 fnt\n|faint|p2a: Sylveon\n|-damage|p1a: Rillaboom|165/284|[from] item: Life Orb\n|\n|-weather|Sandstorm|[upkeep]\n|-damage|p1a: Rillaboom|148/284|[from] Sandstorm\n|-heal|p1a: Rillaboom|165/284|[from] Grassy Terrain\n|upkeep\n|\n|t:|1668476556\n|switch|p2a: Passimian|Passimian, L82, M|298/298\n|-damage|p2a: Passimian|224/298|[from] Spikes\n|-damage|p2a: Passimian|206/298|[from] Stealth Rock\n|turn|25\n|\n|t:|1668476567\n|move|p1a: Rillaboom|Grassy Glide|p2a: Passimian\n|-crit|p2a: Passimian\n|-damage|p2a: Passimian|0 fnt\n|faint|p2a: Passimian\n|-damage|p1a: Rillaboom|137/284|[from] item: Life Orb\n|\n|-weather|none\n|-heal|p1a: Rillaboom|154/284|[from] Grassy Terrain\n|upkeep\n|\n|t:|1668476579\n|switch|p2a: Ho-Oh|Ho-Oh, L72|186/272\n|turn|26\n|\n|t:|1668476587\n|move|p1a: Rillaboom|Knock Off|p2a: Ho-Oh\n|-damage|p2a: Ho-Oh|83/272\n|-enditem|p2a: Ho-Oh|Heavy-Duty Boots|[from] move: Knock Off|[of] p1a: Rillaboom\n|-damage|p1a: Rillaboom|126/284|[from] item: Life Orb\n|move|p2a: Ho-Oh|Roost|p2a: Ho-Oh\n|-heal|p2a: Ho-Oh|219/272\n|-singleturn|p2a: Ho-Oh|move: Roost\n|\n|-heal|p1a: Rillaboom|143/284|[from] Grassy Terrain\n|-heal|p2a: Ho-Oh|236/272|[from] Grassy Terrain\n|-fieldend|move: Grassy Terrain\n|upkeep\n|turn|27\n|\n|t:|1668476598\n|move|p1a: Rillaboom|Knock Off|p2a: Ho-Oh\n|-damage|p2a: Ho-Oh|163/272\n|-damage|p1a: Rillaboom|115/284|[from] item: Life Orb\n|move|p2a: Ho-Oh|Sacred Fire|p1a: Rillaboom\n|-supereffective|p1a: Rillaboom\n|-damage|p1a: Rillaboom|0 fnt\n|faint|p1a: Rillaboom\n|\n|upkeep\n|\n|t:|1668476601\n|switch|p1a: Ninjask|Ninjask, L86, M|174/245\n|-damage|p1a: Ninjask|52/245|[from] Stealth Rock\n|turn|28\n|\n|t:|1668476605\n|-start|p2a: Ho-Oh|Dynamax|\n|-heal|p2a: Ho-Oh|326/544|[silent]\n|move|p1a: Ninjask|Acrobatics|p2a: Ho-Oh\n|-damage|p2a: Ho-Oh|205/544\n|move|p2a: Ho-Oh|Max Airstream|p1a: Ninjask\n|-supereffective|p1a: Ninjask\n|-damage|p1a: Ninjask|0 fnt\n|-boost|p2a: Ho-Oh|spe|1\n|faint|p1a: Ninjask\n|\n|upkeep\n|\n|t:|1668476608\n|switch|p1a: Beartic|Beartic, L86, F|304/304\n|turn|29\n|\n|t:|1668476652\n|-start|p1a: Beartic|Dynamax|\n|-heal|p1a: Beartic|608/608|[silent]\n|move|p2a: Ho-Oh|Max Guard|p2a: Ho-Oh\n|-singleturn|p2a: Ho-Oh|Max Guard\n|move|p1a: Beartic|Max Rockfall|p2a: Ho-Oh\n|-activate|p2a: Ho-Oh|move: Max Guard\n|\n|upkeep\n|turn|30\n|\n|t:|1668476663\n|move|p2a: Ho-Oh|Max Flare|p1a: Beartic\n|-supereffective|p1a: Beartic\n|-damage|p1a: Beartic|320/608\n|-weather|SunnyDay\n|move|p1a: Beartic|Max Rockfall|p2a: Ho-Oh\n|-supereffective|p2a: Ho-Oh\n|-damage|p2a: Ho-Oh|0 fnt\n|-weather|Sandstorm\n|faint|p2a: Ho-Oh\n|\n|-weather|Sandstorm|[upkeep]\n|-damage|p1a: Beartic|301/608|[from] Sandstorm\n|upkeep\n|\n|t:|1668476672\n|switch|p2a: Cloyster|Cloyster, L80, M|211/211\n|-damage|p2a: Cloyster|159/211|[from] Spikes\n|-damage|p2a: Cloyster|107/211|[from] Stealth Rock\n|turn|31\n|\n|t:|1668476677\n|move|p2a: Cloyster|Shell Smash|p2a: Cloyster\n|-unboost|p2a: Cloyster|def|1\n|-unboost|p2a: Cloyster|spd|1\n|-boost|p2a: Cloyster|atk|2\n|-boost|p2a: Cloyster|spa|2\n|-boost|p2a: Cloyster|spe|2\n|-enditem|p2a: Cloyster|White Herb\n|-clearnegativeboost|p2a: Cloyster|[silent]\n|move|p1a: Beartic|Max Rockfall|p2a: Cloyster\n|-supereffective|p2a: Cloyster\n|-damage|p2a: Cloyster|0 fnt\n|faint|p2a: Cloyster\n|\n|win|Khoa Alex 45\n|raw|Khoa Alex 45's rating: 2439 &rarr; <strong>2461</strong><br />(+22 for winning)\n|raw|pmawarrior's rating: 2469 &rarr; <strong>2447</strong><br />(-22 for losing)\n", "inputlog": ">version 453a3ad56483cc6a5c08448f6577d394b68621b7\n>start {\"formatid\":\"gen8randombattle\",\"seed\":[51883,602,3011,59423],\"rated\":\"Rated battle\"}\n>player p1 {\"name\":\"Khoa Alex 45\",\"avatar\":\"102\",\"rating\":2439,\"seed\":[64122,60507,22756,4322]}\n>player p2 {\"name\":\"pmawarrior\",\"avatar\":\"169\",\"rating\":2469,\"seed\":[62631,35557,14057,49739]}\n>p1 switch 3\n>p2 move stoneedge\n>p1 move spikes\n>p2 move stealthrock\n>p1 move roost\n>p2 switch 4\n>p1 switch 2\n>p2 move sacredfire\n>p1 move stealthrock\n>p2 move sacredfire\n>p1 move toxic\n>p2 move sacredfire\n>p1 switch 4\n>p1 move poltergeist\n>p2 move toxic\n>p1 move poltergeist\n>p2 switch 3\n>p1 move flareblitz\n>p2 move curse\n>p1 switch 2\n>p2 move rest\n>p1 move spikes\n>p2 move bodyslam\n>p1 move spikes\n>p2 move bodyslam\n>p1 move roost\n>p2 move bodyslam\n>p1 move bravebird\n>p2 move curse\n>p1 move whirlwind\n>p2 move curse\n>p1 move whirlwind\n>p2 move calmmind\n>p1 move whirlwind\n>p2 move hypervoice\n>p1 move bravebird\n>p2 switch 3\n>p1 switch 2\n>p2 move sacredfire\n>p1 switch 6\n>p1 move leechlife\n>p2 switch 3\n>p2 switch 4\n>p1 move uturn\n>p2 move stoneedge\n>p1 switch 2\n>p1 switch 5\n>p1 move grassyglide\n>p2 move explosion\n>p2 switch 3\n>p1 move knockoff\n>p2 switch 2\n>p1 move grassyglide\n>p2 move hypervoice\n>p2 switch 5\n>p1 move grassyglide\n>p2 move gunkshot\n>p2 switch 2\n>p1 move knockoff\n>p2 move roost\n>p1 move knockoff\n>p2 move sacredfire\n>p1 switch 2\n>p1 move acrobatics\n>p2 move bravebird dynamax\n>p1 switch 3\n>p1 move stoneedge dynamax\n>p2 move toxic dynamax\n>p1 move stoneedge dynamax\n>p2 move sacredfire dynamax\n>p2 switch 6\n>p1 move stoneedge dynamax\n>p2 move shellsmash", "uploadtime": 1668476681, "views": 18, "p1id": "khoaalex45", "p2id": "pmawarrior", "formatid": "gen8randombattle", "rating": 2447, "private": 0, "password": null}