|j|☆TheRagnarokEnd
|j|☆Chongara
|t:|1685141822
|gametype|singles
|player|p1|TheRagnarokEnd|gambler|1303
|player|p2|Chongara|266|1335
|teamsize|p1|6
|teamsize|p2|6
|gen|8
|tier|[Gen 8] Random Battle
|rated|
|rule|Species Clause: Limit one of each Pokémon
|rule|HP Percentage Mod: HP is shown in percentages
|rule|Sleep Clause Mod: Limit one foe put to sleep
|
|t:|1685141822
|start
|switch|p1a: Diggersby|Diggersby, L80, M|267/267
|switch|p2a: Stunfisk|Stunfisk, L84, F|320/320
|turn|1
|
|t:|1685141848
|switch|p2a: Zamazenta|Zamazenta, L73|255/255
|-ability|p2a: Zamazenta|Dauntless Shield|boost
|-boost|p2a: Zamazenta|def|1
|move|p1a: Diggersby|Swords Dance|p1a: Diggersby
|-boost|p1a: Diggersby|atk|2
|
|upkeep
|turn|2
|
|t:|1685141857
|move|p2a: Zamazenta|Close Combat|p1a: Diggersby
|-supereffective|p1a: Diggersby
|-damage|p1a: Diggersby|0 fnt
|-unboost|p2a: Zamazenta|def|1
|-unboost|p2a: Zamazenta|spd|1
|faint|p1a: Diggersby
|
|upkeep
|
|t:|1685141867
|switch|p1a: Aegislash|Aegislash, L80, M|227/227
|turn|3
|
|t:|1685141876
|switch|p2a: Rotom|Rotom-Fan, L84|221/221
|move|p1a: Aegislash|Substitute|p1a: Aegislash
|-start|p1a: Aegislash|Substitute
|-damage|p1a: Aegislash|171/227
|
|-heal|p1a: Aegislash|185/227|[from] item: Leftovers
|upkeep
|turn|4
|
|t:|1685141884
|move|p2a: Rotom|Thunderbolt|p1a: Aegislash
|-end|p1a: Aegislash|Substitute
|-formechange|p1a: Aegislash|Aegislash-Blade||[from] ability: Stance Change
|move|p1a: Aegislash|Shadow Ball|p2a: Rotom
|-damage|p2a: Rotom|124/221
|
|-heal|p1a: Aegislash|199/227|[from] item: Leftovers
|upkeep
|turn|5
|
|t:|1685141893
|-formechange|p1a: Aegislash|Aegislash||[from] ability: Stance Change
|move|p1a: Aegislash|King's Shield|p1a: Aegislash
|-singleturn|p1a: Aegislash|Protect
|move|p2a: Rotom|Thunderbolt|p1a: Aegislash
|-activate|p1a: Aegislash|move: Protect
|
|-heal|p1a: Aegislash|213/227|[from] item: Leftovers
|upkeep
|turn|6
|
|t:|1685141901
|move|p2a: Rotom|Volt Switch|p1a: Aegislash
|-damage|p1a: Aegislash|156/227
|
|t:|1685141904
|switch|p2a: Stunfisk|Stunfisk, L84, F|320/320|[from] Volt Switch
|-formechange|p1a: Aegislash|Aegislash-Blade||[from] ability: Stance Change
|move|p1a: Aegislash|Shadow Ball|p2a: Stunfisk
|-damage|p2a: Stunfisk|260/320
|-unboost|p2a: Stunfisk|spd|1
|
|-heal|p1a: Aegislash|170/227|[from] item: Leftovers
|upkeep
|turn|7
|
|t:|1685141918
|switch|p1a: Whiscash|Whiscash, L86, F|329/329
|switch|p2a: Rotom|Rotom-Fan, L84|124/221
|
|upkeep
|turn|8
|
|t:|1685141924
|move|p2a: Rotom|Will-O-Wisp|p1a: Whiscash
|-status|p1a: Whiscash|brn
|move|p1a: Whiscash|Dragon Dance|p1a: Whiscash
|-boost|p1a: Whiscash|atk|1
|-boost|p1a: Whiscash|spe|1
|
|-damage|p1a: Whiscash|309/329 brn|[from] brn
|upkeep
|turn|9
|
|t:|1685141937
|switch|p2a: Urshifu|Urshifu-Rapid-Strike, L78, F|284/284
|move|p1a: Whiscash|Dragon Dance|p1a: Whiscash
|-boost|p1a: Whiscash|atk|1
|-boost|p1a: Whiscash|spe|1
|
|-damage|p1a: Whiscash|289/329 brn|[from] brn
|upkeep
|turn|10
|
|t:|1685141947
|move|p1a: Whiscash|Earthquake|p2a: Urshifu
|-damage|p2a: Urshifu|166/284
|-damage|p1a: Whiscash|257/329 brn|[from] item: Life Orb
|move|p2a: Urshifu|Bulk Up|p2a: Urshifu
|-boost|p2a: Urshifu|atk|1
|-boost|p2a: Urshifu|def|1
|
|-damage|p1a: Whiscash|237/329 brn|[from] brn
|upkeep
|turn|11
|
|t:|1685141956
|move|p1a: Whiscash|Stone Edge|p2a: Urshifu|[miss]
|-miss|p1a: Whiscash|p2a: Urshifu
|move|p2a: Urshifu|Surging Strikes|p1a: Whiscash
|-crit|p1a: Whiscash
|-damage|p1a: Whiscash|140/329 brn
|-crit|p1a: Whiscash
|-damage|p1a: Whiscash|50/329 brn
|-crit|p1a: Whiscash
|-damage|p1a: Whiscash|0 fnt
|faint|p1a: Whiscash
|-hitcount|p1: Whiscash|3
|-damage|p2a: Urshifu|138/284|[from] item: Life Orb
|
|upkeep
|
|t:|1685141959
|switch|p1a: Mimikyu|Mimikyu, L76, M|209/209
|turn|12
|
|t:|1685141969
|move|p2a: Urshifu|Surging Strikes|p1a: Mimikyu
|-activate|p1a: Mimikyu|ability: Disguise
|-damage|p1a: Mimikyu|209/209
|detailschange|p1a: Mimikyu|Mimikyu-Busted, L76, M
|-damage|p1a: Mimikyu|183/209|[from] pokemon: Mimikyu-Busted
|-crit|p1a: Mimikyu
|-damage|p1a: Mimikyu|89/209
|-crit|p1a: Mimikyu
|-damage|p1a: Mimikyu|0 fnt
|faint|p1a: Mimikyu
|-hitcount|p1: Mimikyu|3
|-damage|p2a: Urshifu|110/284|[from] item: Life Orb
|
|upkeep
|
|t:|1685141982
|switch|p1a: Sirfetch’d|Sirfetch’d, L82, M|236/236
|turn|13
|
|t:|1685141986
|move|p2a: Urshifu|Surging Strikes|p1a: Sirfetch’d
|-crit|p1a: Sirfetch’d
|-damage|p1a: Sirfetch’d|158/236
|-crit|p1a: Sirfetch’d
|-damage|p1a: Sirfetch’d|71/236
|-crit|p1a: Sirfetch’d
|-damage|p1a: Sirfetch’d|0 fnt
|faint|p1a: Sirfetch’d
|-hitcount|p1: Sirfetch’d|3
|-damage|p2a: Urshifu|82/284|[from] item: Life Orb
|
|upkeep
|-message|TheRagnarokEnd forfeited.
|
|win|Chongara
|raw|TheRagnarokEnd's rating: 1303 &rarr; <strong>1285</strong><br />(-18 for losing)
|raw|Chongara's rating: 1335 &rarr; <strong>1353</strong><br />(+18 for winning)
|l|☆TheRagnarokEnd
