{"id": "gen8randombattle-1284204998", "p1": "Red Song", "p2": "Aqua", "format": "[Gen 8] Random Battle", "log": "|j|\u2606Red Song\n|j|\u2606Aqua\n|t:|1613560063\n|player|p1|Red Song|68|2385\n|player|p2|Aqua|scientistf|2449\n|teamsize|p1|6\n|teamsize|p2|6\n|gametype|singles\n|gen|8\n|tier|[Gen 8] Random Battle\n|rated|\n|rule|Species Clause: Limit one of each Pok\u00e9mon\n|rule|HP Percentage Mod: HP is shown in percentages\n|rule|Sleep Clause Mod: Limit one foe put to sleep\n|\n|t:|1613560063\n|start\n|switch|p1a: Noctowl|Noctowl, L88, M|319/319\n|switch|p2a: Perrserker|Perrserker, L86, M|261/261\n|turn|1\n|j| Gabrielrp123456\n|\n|t:|1613560099\n|switch|p1a: Ferrothorn|Ferrothorn, L78, F|244/244\n|move|p2a: Perrserker|Iron Head|p1a: Ferrothorn\n|-resisted|p1a: Ferrothorn\n|-damage|p1a: Ferrothorn|160/244\n|-damage|p2a: Perrserker|229/261|[from] ability: Iron Barbs|[of] p1a: Ferrothorn\n|\n|-heal|p1a: Ferrothorn|175/244|[from] item: Leftovers\n|upkeep\n|turn|2\n|\n|t:|1613560114\n|move|p2a: Perrserker|Iron Head|p1a: Ferrothorn\n|-resisted|p1a: Ferrothorn\n|-damage|p1a: Ferrothorn|85/244\n|-damage|p2a: Perrserker|197/261|[from] ability: Iron Barbs|[of] p1a: Ferrothorn\n|move|p1a: Ferrothorn|Stealth Rock|p2a: Perrserker\n|-sidestart|p2: Aqua|move: Stealth Rock\n|\n|-heal|p1a: Ferrothorn|100/244|[from] item: Leftovers\n|upkeep\n|turn|3\n|\n|t:|1613560124\n|switch|p1a: Palkia|Palkia, L74|255/255\n|-ability|p1a: Palkia|Pressure\n|move|p2a: Perrserker|Iron Head|p1a: Palkia\n|-resisted|p1a: Palkia\n|-damage|p1a: Palkia|135/255\n|\n|-heal|p1a: Palkia|150/255|[from] item: Leftovers\n|upkeep\n|turn|4\n|inactive|Battle timer is ON: inactive players will automatically lose when time's up. (requested by Red Song)\n|\n|t:|1613560161\n|switch|p2a: Guzzlord|Guzzlord, L84|512/512\n|-damage|p2a: Guzzlord|448/512|[from] Stealth Rock\n|move|p1a: Palkia|Thunder Wave|p2a: Guzzlord\n|-status|p2a: Guzzlord|par\n|\n|-heal|p1a: Palkia|165/255|[from] item: Leftovers\n|upkeep\n|turn|5\n|\n|t:|1613560178\n|switch|p1a: Primarina|Primarina, L82, M|265/265\n|cant|p2a: Guzzlord|par\n|\n|upkeep\n|turn|6\n|\n|t:|1613560190\n|switch|p2a: Venusaur|Venusaur, L82, M|265/265\n|-damage|p2a: Venusaur|232/265|[from] Stealth Rock\n|move|p1a: Primarina|Moonblast|p2a: Venusaur\n|-resisted|p2a: Venusaur\n|-damage|p2a: Venusaur|176/265\n|-unboost|p2a: Venusaur|spa|1\n|\n|-heal|p2a: Venusaur|192/265|[from] item: Black Sludge\n|upkeep\n|turn|7\n|\n|t:|1613560202\n|switch|p1a: Ferrothorn|Ferrothorn, L78, F|100/244\n|switch|p2a: Perrserker|Perrserker, L86, M|197/261\n|-damage|p2a: Perrserker|181/261|[from] Stealth Rock\n|\n|-heal|p1a: Ferrothorn|115/244|[from] item: Leftovers\n|upkeep\n|turn|8\n|\n|t:|1613560223\n|move|p2a: Perrserker|Iron Head|p1a: Ferrothorn\n|-resisted|p1a: Ferrothorn\n|-damage|p1a: Ferrothorn|28/244\n|-damage|p2a: Perrserker|149/261|[from] ability: Iron Barbs|[of] p1a: Ferrothorn\n|move|p1a: Ferrothorn|Leech Seed|p2a: Perrserker\n|-start|p2a: Perrserker|move: Leech Seed\n|\n|-heal|p1a: Ferrothorn|43/244|[from] item: Leftovers\n|-damage|p2a: Perrserker|117/261|[from] Leech Seed|[of] p1a: Ferrothorn\n|-heal|p1a: Ferrothorn|75/244|[silent]\n|upkeep\n|turn|9\n|\n|t:|1613560237\n|switch|p2a: Krookodile|Krookodile, L78, M|276/276\n|-damage|p2a: Krookodile|259/276|[from] Stealth Rock\n|-ability|p2a: Krookodile|Intimidate|boost\n|-unboost|p1a: Ferrothorn|atk|1\n|switch|p1a: Umbreon|Umbreon, L82, F|290/290\n|\n|upkeep\n|turn|10\n|\n|t:|1613560254\n|move|p2a: Krookodile|Stealth Rock|p1a: Umbreon\n|-sidestart|p1: Red Song|move: Stealth Rock\n|move|p1a: Umbreon|Toxic|p2a: Krookodile\n|-status|p2a: Krookodile|tox\n|\n|-damage|p2a: Krookodile|242/276 tox|[from] psn\n|upkeep\n|turn|11\n|\n|t:|1613560272\n|switch|p2a: Guzzlord|Guzzlord, L84|448/512 par\n|-damage|p2a: Guzzlord|384/512 par|[from] Stealth Rock\n|move|p1a: Umbreon|Wish|p1a: Umbreon\n|\n|upkeep\n|turn|12\n|\n|t:|1613560293\n|switch|p1a: Primarina|Primarina, L82, M|265/265\n|-damage|p1a: Primarina|232/265|[from] Stealth Rock\n|move|p2a: Guzzlord|Knock Off|p1a: Primarina\n|-resisted|p1a: Primarina\n|-damage|p1a: Primarina|172/265\n|-enditem|p1a: Primarina|Choice Scarf|[from] move: Knock Off|[of] p2a: Guzzlord\n|\n|-heal|p1a: Primarina|265/265|[from] move: Wish|[wisher] Umbreon\n|upkeep\n|turn|13\n|inactive|Aqua has 120 seconds left.\n|\n|t:|1613560323\n|switch|p2a: Meowstic|Meowstic, L84, M|262/262\n|-damage|p2a: Meowstic|230/262|[from] Stealth Rock\n|move|p1a: Primarina|Psychic|p2a: Meowstic\n|-resisted|p2a: Meowstic\n|-crit|p2a: Meowstic\n|-damage|p2a: Meowstic|168/262\n|\n|upkeep\n|turn|14\n|inactive|Red Song has 120 seconds left.\n|\n|t:|1613560356\n|move|p2a: Meowstic|Light Screen|p2a: Meowstic\n|-sidestart|p2: Aqua|move: Light Screen\n|move|p1a: Primarina|Moonblast|p2a: Meowstic\n|-damage|p2a: Meowstic|101/262\n|-unboost|p2a: Meowstic|spa|1\n|\n|upkeep\n|turn|15\n|\n|t:|1613560366\n|move|p2a: Meowstic|Yawn|p1a: Primarina\n|-start|p1a: Primarina|move: Yawn|[of] p2a: Meowstic\n|move|p1a: Primarina|Moonblast|p2a: Meowstic\n|-damage|p2a: Meowstic|41/262\n|\n|upkeep\n|turn|16\n|j| hong hoornstaart\n|inactive|Red Song has 120 seconds left.\n|\n|t:|1613560383\n|switch|p2a: Krookodile|Krookodile, L78, M|242/276 tox\n|-damage|p2a: Krookodile|225/276 tox|[from] Stealth Rock\n|-ability|p2a: Krookodile|Intimidate|boost\n|-unboost|p1a: Primarina|atk|1\n|switch|p1a: Umbreon|Umbreon, L82, F|290/290\n|-damage|p1a: Umbreon|254/290|[from] Stealth Rock\n|\n|-heal|p1a: Umbreon|272/290|[from] item: Leftovers\n|-damage|p2a: Krookodile|208/276 tox|[from] psn\n|upkeep\n|turn|17\n|inactive|Red Song has 120 seconds left.\n|\n|t:|1613560395\n|move|p2a: Krookodile|Knock Off|p1a: Umbreon\n|-resisted|p1a: Umbreon\n|-damage|p1a: Umbreon|217/290\n|-enditem|p1a: Umbreon|Leftovers|[from] move: Knock Off|[of] p2a: Krookodile\n|-damage|p2a: Krookodile|181/276 tox|[from] item: Life Orb\n|move|p1a: Umbreon|Wish|p1a: Umbreon\n|\n|-damage|p2a: Krookodile|147/276 tox|[from] psn\n|upkeep\n|turn|18\n|inactive|Red Song has 120 seconds left.\n|\n|t:|1613560413\n|switch|p2a: Perrserker|Perrserker, L86, M|117/261\n|-damage|p2a: Perrserker|101/261|[from] Stealth Rock\n|move|p1a: Umbreon|Foul Play|p2a: Perrserker\n|-damage|p2a: Perrserker|4/261\n|\n|-heal|p1a: Umbreon|290/290|[from] move: Wish|[wisher] Umbreon\n|upkeep\n|turn|19\n|inactive|Red Song has 120 seconds left.\n|\n|t:|1613560421\n|move|p1a: Umbreon|Foul Play|p2a: Perrserker\n|-damage|p2a: Perrserker|0 fnt\n|faint|p2a: Perrserker\n|\n|upkeep\n|\n|t:|1613560428\n|switch|p2a: Guzzlord|Guzzlord, L84|384/512 par\n|-damage|p2a: Guzzlord|320/512 par|[from] Stealth Rock\n|turn|20\n|\n|t:|1613560440\n|switch|p1a: Primarina|Primarina, L82, M|265/265\n|-damage|p1a: Primarina|232/265|[from] Stealth Rock\n|move|p2a: Guzzlord|Sludge Bomb|p1a: Primarina\n|-supereffective|p1a: Primarina\n|-damage|p1a: Primarina|124/265\n|\n|upkeep\n|turn|21\n|inactive|Aqua has 120 seconds left.\n|\n|t:|1613560452\n|switch|p2a: Venusaur|Venusaur, L82, M|192/265\n|-damage|p2a: Venusaur|159/265|[from] Stealth Rock\n|move|p1a: Primarina|Moonblast|p2a: Venusaur\n|-resisted|p2a: Venusaur\n|-damage|p2a: Venusaur|130/265\n|\n|-heal|p2a: Venusaur|146/265|[from] item: Black Sludge\n|-sideend|p2: Aqua|move: Light Screen\n|upkeep\n|turn|22\n|inactive|Aqua has 120 seconds left.\n|\n|t:|1613560460\n|switch|p2a: Krookodile|Krookodile, L78, M|147/276 tox\n|-damage|p2a: Krookodile|130/276 tox|[from] Stealth Rock\n|-ability|p2a: Krookodile|Intimidate|boost\n|-unboost|p1a: Primarina|atk|1\n|switch|p1a: Ferrothorn|Ferrothorn, L78, F|75/244\n|-damage|p1a: Ferrothorn|60/244|[from] Stealth Rock\n|\n|-heal|p1a: Ferrothorn|75/244|[from] item: Leftovers\n|-damage|p2a: Krookodile|113/276 tox|[from] psn\n|upkeep\n|turn|23\n|\n|t:|1613560472\n|move|p2a: Krookodile|Earthquake|p1a: Ferrothorn\n|-damage|p1a: Ferrothorn|0 fnt\n|-damage|p2a: Krookodile|86/276 tox|[from] item: Life Orb\n|faint|p1a: Ferrothorn\n|\n|-damage|p2a: Krookodile|52/276 tox|[from] psn\n|upkeep\n|\n|t:|1613560480\n|switch|p1a: Umbreon|Umbreon, L82, F|290/290\n|-damage|p1a: Umbreon|254/290|[from] Stealth Rock\n|turn|24\n|\n|t:|1613560492\n|switch|p2a: Guzzlord|Guzzlord, L84|320/512 par\n|-damage|p2a: Guzzlord|256/512 par|[from] Stealth Rock\n|move|p1a: Umbreon|Wish|p1a: Umbreon\n|\n|upkeep\n|turn|25\n|\n|t:|1613560509\n|move|p1a: Umbreon|Foul Play|p2a: Guzzlord\n|-resisted|p2a: Guzzlord\n|-damage|p2a: Guzzlord|187/512 par\n|move|p2a: Guzzlord|Sludge Bomb||[still]\n|-damage|p1a: Umbreon|207/290\n|-status|p1a: Umbreon|psn\n|-activate|p1a: Umbreon|ability: Synchronize\n|-fail|p1a: Umbreon\n|\n|-heal|p1a: Umbreon|290/290 psn|[from] move: Wish|[wisher] Umbreon\n|-damage|p1a: Umbreon|254/290 psn|[from] psn\n|upkeep\n|turn|26\n|\n|t:|1613560523\n|move|p1a: Umbreon|Wish|p1a: Umbreon\n|move|p2a: Guzzlord|Sludge Bomb|p1a: Umbreon\n|-damage|p1a: Umbreon|207/290 psn\n|\n|-damage|p1a: Umbreon|171/290 psn|[from] psn\n|upkeep\n|turn|27\n|\n|t:|1613560530\n|move|p1a: Umbreon|Foul Play|p2a: Guzzlord\n|-resisted|p2a: Guzzlord\n|-damage|p2a: Guzzlord|112/512 par\n|move|p2a: Guzzlord|Sludge Bomb|p1a: Umbreon\n|-damage|p1a: Umbreon|120/290 psn\n|\n|-heal|p1a: Umbreon|265/290 psn|[from] move: Wish|[wisher] Umbreon\n|-damage|p1a: Umbreon|229/290 psn|[from] psn\n|upkeep\n|turn|28\n|\n|t:|1613560540\n|switch|p2a: Venusaur|Venusaur, L82, M|146/265\n|-damage|p2a: Venusaur|113/265|[from] Stealth Rock\n|move|p1a: Umbreon|Wish|p1a: Umbreon\n|\n|-heal|p2a: Venusaur|129/265|[from] item: Black Sludge\n|-damage|p1a: Umbreon|193/290 psn|[from] psn\n|upkeep\n|turn|29\n|\n|t:|1613560552\n|move|p2a: Venusaur|Substitute|p2a: Venusaur\n|-start|p2a: Venusaur|Substitute\n|-damage|p2a: Venusaur|63/265\n|move|p1a: Umbreon|Foul Play|p2a: Venusaur\n|-activate|p2a: Venusaur|move: Substitute|[damage]\n|\n|-heal|p1a: Umbreon|290/290 psn|[from] move: Wish|[wisher] Umbreon\n|-heal|p2a: Venusaur|79/265|[from] item: Black Sludge\n|-damage|p1a: Umbreon|254/290 psn|[from] psn\n|upkeep\n|turn|30\n|\n|t:|1613560564\n|move|p2a: Venusaur|Giga Drain|p1a: Umbreon\n|-damage|p1a: Umbreon|160/290 psn\n|-heal|p2a: Venusaur|126/265|[from] drain|[of] p1a: Umbreon\n|move|p1a: Umbreon|Foul Play|p2a: Venusaur\n|-end|p2a: Venusaur|Substitute\n|\n|-heal|p2a: Venusaur|142/265|[from] item: Black Sludge\n|-damage|p1a: Umbreon|124/290 psn|[from] psn\n|upkeep\n|turn|31\n|\n|t:|1613560577\n|switch|p1a: Mesprit|Mesprit, L84|272/272\n|-damage|p1a: Mesprit|238/272|[from] Stealth Rock\n|move|p2a: Venusaur|Sludge Bomb|p1a: Mesprit\n|-damage|p1a: Mesprit|163/272\n|\n|-heal|p1a: Mesprit|180/272|[from] item: Leftovers\n|-heal|p2a: Venusaur|158/265|[from] item: Black Sludge\n|upkeep\n|turn|32\n|\n|t:|1613560601\n|switch|p2a: Guzzlord|Guzzlord, L84|112/512 par\n|-damage|p2a: Guzzlord|48/512 par|[from] Stealth Rock\n|move|p1a: Mesprit|Ice Beam|p2a: Guzzlord\n|-supereffective|p2a: Guzzlord\n|-damage|p2a: Guzzlord|0 fnt\n|faint|p2a: Guzzlord\n|\n|-heal|p1a: Mesprit|197/272|[from] item: Leftovers\n|upkeep\n|\n|t:|1613560606\n|switch|p2a: Krookodile|Krookodile, L78, M|52/276 tox\n|-damage|p2a: Krookodile|35/276 tox|[from] Stealth Rock\n|-ability|p2a: Krookodile|Intimidate|boost\n|-unboost|p1a: Mesprit|atk|1\n|turn|33\n|\n|t:|1613560630\n|switch|p1a: Primarina|Primarina, L82, M|124/265\n|-damage|p1a: Primarina|91/265|[from] Stealth Rock\n|move|p2a: Krookodile|Knock Off|p1a: Primarina\n|-resisted|p1a: Primarina\n|-damage|p1a: Primarina|38/265\n|-damage|p2a: Krookodile|8/276 tox|[from] item: Life Orb\n|\n|-damage|p2a: Krookodile|0 fnt|[from] psn\n|faint|p2a: Krookodile\n|upkeep\n|inactive|Aqua has 120 seconds left.\n|\n|t:|1613560643\n|switch|p2a: Meowstic|Meowstic, L84, M|41/262\n|-damage|p2a: Meowstic|9/262|[from] Stealth Rock\n|turn|34\n|\n|t:|1613560649\n|switch|p1a: Umbreon|Umbreon, L82, F|124/290 psn\n|-damage|p1a: Umbreon|88/290 psn|[from] Stealth Rock\n|move|p2a: Meowstic|Light Screen|p2a: Meowstic\n|-sidestart|p2: Aqua|move: Light Screen\n|\n|-damage|p1a: Umbreon|52/290 psn|[from] psn\n|upkeep\n|turn|35\n|j| 1v1ers\n|\n|t:|1613560658\n|move|p2a: Meowstic|Reflect|p2a: Meowstic\n|-sidestart|p2: Aqua|Reflect\n|move|p1a: Umbreon|Wish|p1a: Umbreon\n|\n|-damage|p1a: Umbreon|16/290 psn|[from] psn\n|upkeep\n|turn|36\n|\n|t:|1613560665\n|switch|p2a: Zygarde|Zygarde, L72|272/272\n|-damage|p2a: Zygarde|255/272|[from] Stealth Rock\n|move|p1a: Umbreon|Toxic|p2a: Zygarde\n|-status|p2a: Zygarde|tox\n|-enditem|p2a: Zygarde|Lum Berry|[eat]\n|-curestatus|p2a: Zygarde|tox|[msg]\n|\n|-heal|p1a: Umbreon|161/290 psn|[from] move: Wish|[wisher] Umbreon\n|-damage|p1a: Umbreon|125/290 psn|[from] psn\n|upkeep\n|turn|37\n|\n|t:|1613560676\n|move|p2a: Zygarde|Substitute|p2a: Zygarde\n|-start|p2a: Zygarde|Substitute\n|-damage|p2a: Zygarde|187/272\n|move|p1a: Umbreon|Toxic||[still]\n|-fail|p1a: Umbreon\n|\n|-damage|p1a: Umbreon|89/290 psn|[from] psn\n|upkeep\n|turn|38\n|\n|t:|1613560692\n|move|p2a: Zygarde|Dragon Dance|p2a: Zygarde\n|-boost|p2a: Zygarde|atk|1\n|-boost|p2a: Zygarde|spe|1\n|move|p1a: Umbreon|Foul Play|p2a: Zygarde\n|-activate|p2a: Zygarde|move: Substitute|[damage]\n|\n|-damage|p1a: Umbreon|53/290 psn|[from] psn\n|upkeep\n|turn|39\n|\n|t:|1613560700\n|move|p2a: Zygarde|Thousand Arrows|p1a: Umbreon\n|-damage|p1a: Umbreon|0 fnt\n|faint|p1a: Umbreon\n|\n|upkeep\n|inactive|Red Song has 120 seconds left.\n|\n|t:|1613560727\n|switch|p1a: Mesprit|Mesprit, L84|197/272\n|-damage|p1a: Mesprit|163/272|[from] Stealth Rock\n|turn|40\n|\n|t:|1613560734\n|-start|p1a: Mesprit|Dynamax\n|-heal|p1a: Mesprit|326/544|[silent]\n|move|p2a: Zygarde|Thousand Arrows|p1a: Mesprit\n|-damage|p1a: Mesprit|226/544\n|-start|p1a: Mesprit|Smack Down\n|move|p1a: Mesprit|Max Hailstorm|p2a: Zygarde\n|-supereffective|p2a: Zygarde\n|-end|p2a: Zygarde|Substitute\n|-weather|Hail\n|\n|-weather|Hail|[upkeep]\n|-damage|p2a: Zygarde|170/272|[from] Hail\n|-damage|p1a: Mesprit|209/544|[from] Hail\n|-heal|p1a: Mesprit|226/544|[from] item: Leftovers\n|upkeep\n|turn|41\n|l| Gabrielrp123456\n|inactive|Aqua has 120 seconds left.\n|\n|t:|1613560781\n|-start|p2a: Zygarde|Dynamax\n|-heal|p2a: Zygarde|340/544|[silent]\n|move|p2a: Zygarde|Max Quake|p1a: Mesprit\n|-damage|p1a: Mesprit|81/544\n|-boost|p2a: Zygarde|spd|1\n|move|p1a: Mesprit|Max Hailstorm|p2a: Zygarde\n|-supereffective|p2a: Zygarde\n|-crit|p2a: Zygarde\n|-damage|p2a: Zygarde|0 fnt\n|faint|p2a: Zygarde\n|\n|-weather|Hail|[upkeep]\n|-damage|p1a: Mesprit|64/544|[from] Hail\n|-heal|p1a: Mesprit|81/544|[from] item: Leftovers\n|-sideend|p2: Aqua|move: Light Screen\n|upkeep\n|c|\u2606Aqua|lmfao\n|c|\u2606Aqua|I saw that cancerous dogshit coming oml\n|inactive|Aqua has 90 seconds left.\n|c|\u2606Aqua|I really wanted to sub because of this\n|c|\u2606Aqua|that's how I lose becoming 1st place\n|c|\u2606Aqua|ggs\n|\n|t:|1613560827\n|switch|p2a: Venusaur|Venusaur, L82, M|158/265\n|-damage|p2a: Venusaur|125/265|[from] Stealth Rock\n|turn|42\n|c|\u2606Aqua|that just hurts\n|inactive|Red Song has 120 seconds left.\n|inactive|Red Song has 90 seconds left.\n|l| hong hoornstaart\n|c|\u2606Red Song|very good battle, that crit is probably will cost 2 or 3 pokemon and hail\n|\n|t:|1613560882\n|move|p1a: Mesprit|Max Mindstorm|p2a: Venusaur\n|-supereffective|p2a: Venusaur\n|-damage|p2a: Venusaur|0 fnt\n|-fieldstart|move: Psychic Terrain\n|faint|p2a: Venusaur\n|\n|-weather|Hail|[upkeep]\n|-damage|p1a: Mesprit|64/544|[from] Hail\n|-heal|p1a: Mesprit|81/544|[from] item: Leftovers\n|-sideend|p2: Aqua|Reflect\n|-end|p1a: Mesprit|Dynamax\n|-heal|p1a: Mesprit|41/272|[silent]\n|upkeep\n|c|\u2606Aqua|v good battle, terribly sad ending man\n|inactive|Aqua has 60 seconds left.\n|-message|Aqua forfeited.\n|\n|win|Red Song\n|c|\u2606Aqua|gg\n|l|\u2606Aqua\n|c|\u2606Red Song|owow\n|raw|Red Song's rating: 2385 &rarr; <strong>2409</strong><br />(+24 for winning)\n|raw|Aqua's rating: 2449 &rarr; <strong>2426</strong><br />(-23 for losing)\n|l| 1v1ers\n", "inputlog": ">version 3fbb9405dc803fbdd0228a71831d572505d06d82\n>start {\"formatid\":\"gen8randombattle\",\"seed\":[42337,16873,40185,13519],\"rated\":\"Rated battle\"}\n>player p1 {\"name\":\"Red Song\",\"avatar\":\"68\",\"team\":\"\",\"rating\":2385,\"seed\":[14088,17119,32349,643]}\n>player p2 {\"name\":\"Aqua\",\"avatar\":\"scientistf\",\"team\":\"\",\"rating\":2449,\"seed\":[6874,8285,52185,48823]}\n>p1 switch 2\n>p2 move ironhead\n>p1 move stealthrock\n>p2 move ironhead\n>p1 switch 6\n>p2 move ironhead\n>p1 move thunderwave\n>p2 switch 6\n>p1 switch 4\n>p2 move knockoff\n>p1 move moonblast\n>p2 switch 3\n>p1 switch 6\n>p2 switch 6\n>p1 move leechseed\n>p2 move ironhead\n>p1 switch 3\n>p2 switch 5\n>p1 move toxic\n>p2 move stealthrock\n>p1 move wish\n>p2 switch 3\n>p1 switch 6\n>p2 move knockoff\n>p1 move psychic\n>p2 switch 2\n>p1 move moonblast\n>p2 move lightscreen\n>p1 move moonblast\n>p2 move yawn\n>p1 switch 6\n>p2 switch 3\n>p1 move wish\n>p2 move knockoff\n>p1 move foulplay\n>p2 switch 5\n>p1 move foulplay\n>p2 move uturn\n>p2 switch 2\n>p1 switch 6\n>p2 move sludgebomb\n>p1 move moonblast\n>p2 switch 6\n>p1 switch 3\n>p2 switch 5\n>p1 move gyroball\n>p2 move earthquake\n>p1 switch 6\n>p1 move wish\n>p2 switch 6\n>p1 move foulplay\n>p2 move sludgebomb\n>p1 move wish\n>p2 move sludgebomb\n>p1 move foulplay\n>p2 move sludgebomb\n>p1 move wish\n>p2 switch 5\n>p1 move foulplay\n>p2 move substitute\n>p1 move foulplay\n>p2 move gigadrain\n>p1 switch 5\n>p2 move sludgebomb\n>p1 move icebeam\n>p2 switch 5\n>p2 switch 6\n>p1 switch 3\n>p2 move knockoff\n>p2 switch 3\n>p1 switch 5\n>p2 move lightscreen\n>p1 move wish\n>p2 move reflect\n>p1 move toxic\n>p2 switch 4\n>p1 move toxic\n>p2 move substitute\n>p1 move foulplay\n>p2 move dragondance\n>p1 move foulplay\n>p2 move thousandarrows\n>p1 switch 3\n>p1 move icebeam dynamax\n>p2 move thousandarrows\n>p1 move icebeam dynamax\n>p2 move thousandarrows dynamax\n>chat \u2606Aqua|lmfao\n>chat \u2606Aqua|I saw that cancerous dogshit coming oml\n>chat \u2606Aqua|I really wanted to sub because of this\n>chat \u2606Aqua|that's how I lose becoming 1st place\n>chat \u2606Aqua|ggs\n>p2 switch 5\n>chat \u2606Aqua|that just hurts \n>chat \u2606Red Song|very good battle, that crit is probably will cost 2 or 3 pokemon and hail\n>p1 move psychic dynamax\n>p2 move sludgebomb\n>chat \u2606Aqua|v good battle, terribly sad ending man", "uploadtime": 1613560901, "views": 55, "p1id": "redsong", "p2id": "aqua", "formatid": "gen8randombattle", "rating": 2409, "private": 0, "password": null}