{"id": "gen8randombattle-1871580015", "p1": "12reek", "p2": "juandalepringle420", "format": "[Gen 8] Random Battle", "log": "|j|\u260612reek\n|j|\u2606juandalepringle420\n|t:|1685109157\n|gametype|singles\n|player|p1|12reek|102|\n|player|p2|juandalepringle420|1|\n|teamsize|p1|6\n|teamsize|p2|6\n|gen|8\n|tier|[Gen 8] Random Battle\n|rule|Species Clause: Limit one of each Pok\u00e9mon\n|rule|HP Percentage Mod: HP is shown in percentages\n|rule|Sleep Clause Mod: Limit one foe put to sleep\n|\n|t:|1685109157\n|start\n|switch|p1a: Toxapex|Toxapex, L82, F|216/216\n|switch|p2a: Appletun|Appletun, L90, F|344/344\n|turn|1\n|\n|t:|1685109218\n|move|p1a: Toxapex|Toxic Spikes|p2a: Appletun\n|-sidestart|p2: juandalepringle420|move: Toxic Spikes\n|move|p2a: Appletun|Leech Seed|p1a: Toxapex\n|-start|p1a: Toxapex|move: Leech Seed\n|\n|-damage|p1a: Toxapex|189/216|[from] Leech Seed|[of] p2a: Appletun\n|upkeep\n|turn|2\n|\n|t:|1685109227\n|move|p1a: Toxapex|Toxic|p2a: Appletun\n|-status|p2a: Appletun|tox\n|move|p2a: Appletun|Apple Acid|p1a: Toxapex\n|-damage|p1a: Toxapex|116/216\n|-unboost|p1a: Toxapex|spd|1\n|\n|-heal|p1a: Toxapex|129/216|[from] item: Black Sludge\n|-damage|p1a: Toxapex|102/216|[from] Leech Seed|[of] p2a: Appletun\n|-damage|p2a: Appletun|323/344 tox|[from] psn\n|upkeep\n|turn|3\n|\n|t:|1685109238\n|move|p1a: Toxapex|Toxic Spikes|p2a: Appletun\n|-sidestart|p2: juandalepringle420|move: Toxic Spikes\n|move|p2a: Appletun|Apple Acid|p1a: Toxapex\n|-damage|p1a: Toxapex|0 fnt\n|faint|p1a: Toxapex\n|\n|-heal|p2a: Appletun|344/344 tox|[from] item: Leftovers\n|-damage|p2a: Appletun|302/344 tox|[from] psn\n|upkeep\n|\n|t:|1685109254\n|switch|p1a: Ribombee|Ribombee, L82, M|233/233\n|turn|4\n|\n|t:|1685109298\n|switch|p2a: Mantine|Mantine, L86, F|286/286\n|move|p1a: Ribombee|Sticky Web|p2a: Mantine\n|-sidestart|p2: juandalepringle420|move: Sticky Web\n|\n|upkeep\n|turn|5\n|inactive|Battle timer is ON: inactive players will automatically lose when time's up. (requested by juandalepringle420)\n|\n|t:|1685109308\n|move|p1a: Ribombee|U-turn|p2a: Mantine\n|-resisted|p2a: Mantine\n|-damage|p2a: Mantine|259/286\n|\n|t:|1685109317\n|switch|p1a: Drampa|Drampa, L86, M|274/274|[from] U-turn\n|move|p2a: Mantine|Defog|p1a: Drampa\n|-unboost|p1a: Drampa|evasion|1\n|-sideend|p2: juandalepringle420|Toxic Spikes|[from] move: Defog|[of] p2a: Mantine\n|-sideend|p2: juandalepringle420|Sticky Web|[from] move: Defog|[of] p2a: Mantine\n|\n|upkeep\n|turn|6\n|\n|t:|1685109334\n|move|p2a: Mantine|Ice Beam|p1a: Drampa\n|-supereffective|p1a: Drampa\n|-damage|p1a: Drampa|166/274\n|move|p1a: Drampa|Hyper Voice|p2a: Mantine\n|-damage|p2a: Mantine|166/286\n|\n|-heal|p1a: Drampa|183/274|[from] item: Leftovers\n|upkeep\n|turn|7\n|\n|t:|1685109349\n|move|p2a: Mantine|Ice Beam|p1a: Drampa\n|-supereffective|p1a: Drampa\n|-damage|p1a: Drampa|73/274\n|-ability|p1a: Drampa|Berserk|boost\n|-boost|p1a: Drampa|spa|1\n|move|p1a: Drampa|Draco Meteor|p2a: Mantine\n|-crit|p2a: Mantine\n|-damage|p2a: Mantine|0 fnt\n|-unboost|p1a: Drampa|spa|2\n|faint|p2a: Mantine\n|\n|-heal|p1a: Drampa|90/274|[from] item: Leftovers\n|upkeep\n|\n|t:|1685109365\n|switch|p2a: Kartana|Kartana, L74|209/209\n|turn|8\n|inactive|juandalepringle420 has 270 seconds left.\n|\n|t:|1685109402\n|move|p2a: Kartana|Sacred Sword|p1a: Drampa\n|-supereffective|p1a: Drampa\n|-damage|p1a: Drampa|0 fnt\n|faint|p1a: Drampa\n|-ability|p2a: Kartana|Beast Boost|boost\n|-boost|p2a: Kartana|atk|1\n|\n|upkeep\n|\n|t:|1685109422\n|switch|p1a: Ferrothorn|Ferrothorn, L78, M|244/244\n|turn|9\n|\n|t:|1685109429\n|move|p2a: Kartana|Sacred Sword|p1a: Ferrothorn\n|-supereffective|p1a: Ferrothorn\n|-damage|p1a: Ferrothorn|0 fnt\n|-damage|p2a: Kartana|183/209|[from] ability: Iron Barbs|[of] p1a: Ferrothorn\n|faint|p1a: Ferrothorn\n|-ability|p2a: Kartana|Beast Boost|boost\n|-boost|p2a: Kartana|atk|1\n|\n|upkeep\n|\n|t:|1685109438\n|switch|p1a: Calyrex|Calyrex-Shadow, L65|238/238\n|-ability|p1a: Calyrex|As One\n|-ability|p1a: Calyrex|Unnerve\n|turn|10\n|inactive|juandalepringle420 has 270 seconds left.\n|\n|t:|1685109450\n|-start|p2a: Kartana|Dynamax|\n|-heal|p2a: Kartana|366/418|[silent]\n|move|p1a: Calyrex|Substitute|p1a: Calyrex\n|-start|p1a: Calyrex|Substitute\n|-damage|p1a: Calyrex|179/238\n|move|p2a: Kartana|Max Darkness|p1a: Calyrex\n|-supereffective|p1a: Calyrex\n|-end|p1a: Calyrex|Substitute\n|-unboost|p1a: Calyrex|spd|1\n|\n|-heal|p1a: Calyrex|193/238|[from] item: Leftovers\n|upkeep\n|turn|11\n|inactive|juandalepringle420 has 270 seconds left.\n|\n|t:|1685109469\n|-start|p1a: Calyrex|Dynamax|\n|-heal|p1a: Calyrex|386/476|[silent]\n|move|p1a: Calyrex|Max Phantasm|p2a: Kartana\n|-damage|p2a: Kartana|54/418\n|-unboost|p2a: Kartana|def|1\n|move|p2a: Kartana|Max Darkness|p1a: Calyrex\n|-supereffective|p1a: Calyrex\n|-damage|p1a: Calyrex|0 fnt\n|faint|p1a: Calyrex\n|-ability|p2a: Kartana|Beast Boost|boost\n|-boost|p2a: Kartana|atk|1\n|\n|upkeep\n|inactive|12reek has 270 seconds left.\n|-message|12reek forfeited.\n|\n|win|juandalepringle420\n|l|\u260612reek\n|c|\u2606juandalepringle420|your ribombee is faster\n|c|\u2606juandalepringle420|fool\n", "inputlog": ">version 61c68e60481ef09071210320730fc448fef50368\n>start {\"formatid\":\"gen8randombattle\",\"seed\":[10023,12840,62107,44562]}\n>player p1 {\"name\":\"12reek\",\"avatar\":\"102\",\"rating\":0,\"seed\":[1300,34557,2486,32132]}\n>player p2 {\"name\":\"juandalepringle420\",\"avatar\":\"1\",\"rating\":0,\"seed\":[31044,39347,56685,60660]}\n>p1 move toxicspikes\n>p2 move leechseed\n>p1 move toxic\n>p2 move appleacid\n>p1 move toxicspikes\n>p2 move appleacid\n>p1 switch 4\n>p1 move stickyweb\n>p2 switch 4\n>p1 move uturn\n>p2 move defog\n>p1 switch 5\n>p1 move hypervoice\n>p2 move icebeam\n>p1 move dracometeor\n>p2 move icebeam\n>p2 switch 6\n>p1 move roost\n>p2 move sacredsword\n>p1 switch 3\n>p1 move leechseed\n>p2 move sacredsword\n>p1 switch 6\n>p1 move substitute\n>p2 move knockoff dynamax\n>p1 move astralbarrage dynamax\n>p2 move knockoff dynamax\n>forcelose p1", "uploadtime": 1685109510, "views": 7, "p1id": "12reek", "p2id": "juandalepringle420", "formatid": "gen8randombattle", "rating": 0, "private": 0, "password": ""}