{"id": "gen8randombattle-1862109562", "p1": "Cringos", "p2": "Hachowey", "format": "[Gen 8] Random Battle", "log": "|j|\u2606Cringos\n|j|\u2606Hachowey\n|t:|1683837933\n|gametype|singles\n|player|p1|Cringos|cynthia-gen4|1185\n|player|p2|Hachowey|266|1242\n|teamsize|p1|6\n|teamsize|p2|6\n|gen|8\n|tier|[Gen 8] Random Battle\n|rated|\n|rule|Species Clause: Limit one of each Pok\u00e9mon\n|rule|HP Percentage Mod: HP is shown in percentages\n|rule|Sleep Clause Mod: Limit one foe put to sleep\n|\n|t:|1683837933\n|start\n|switch|p1a: Crawdaunt|Crawdaunt, L84, M|243/243\n|switch|p2a: Torkoal|Torkoal, L86, M|261/261\n|-weather|SunnyDay|[from] ability: Drought|[of] p2a: Torkoal\n|turn|1\n|inactive|Battle timer is ON: inactive players will automatically lose when time's up. (requested by Hachowey)\n|\n|t:|1683837945\n|move|p1a: Crawdaunt|Dragon Dance|p1a: Crawdaunt\n|-boost|p1a: Crawdaunt|atk|1\n|-boost|p1a: Crawdaunt|spe|1\n|move|p2a: Torkoal|Solar Beam||[still]\n|-prepare|p2a: Torkoal|Solar Beam\n|-anim|p2a: Torkoal|Solar Beam|p1a: Crawdaunt\n|-supereffective|p1a: Crawdaunt\n|-damage|p1a: Crawdaunt|33/243\n|\n|-weather|SunnyDay|[upkeep]\n|upkeep\n|turn|2\n|\n|t:|1683837956\n|move|p1a: Crawdaunt|Crabhammer|p2a: Torkoal\n|-supereffective|p2a: Torkoal\n|-damage|p2a: Torkoal|101/261\n|move|p2a: Torkoal|Rapid Spin|p1a: Crawdaunt\n|-crit|p1a: Crawdaunt\n|-damage|p1a: Crawdaunt|0 fnt\n|-boost|p2a: Torkoal|spe|1\n|faint|p1a: Crawdaunt\n|\n|-weather|SunnyDay|[upkeep]\n|upkeep\n|\n|t:|1683837971\n|switch|p1a: Mienshao|Mienshao, L82, M|241/241\n|turn|3\n|\n|t:|1683837979\n|switch|p2a: Corsola|Corsola-Galar, L84, M|238/238\n|move|p1a: Mienshao|Knock Off|p2a: Corsola\n|-supereffective|p2a: Corsola\n|-damage|p2a: Corsola|111/238\n|-enditem|p2a: Corsola|Eviolite|[from] move: Knock Off|[of] p1a: Mienshao\n|-damage|p1a: Mienshao|217/241|[from] item: Life Orb\n|\n|-weather|SunnyDay|[upkeep]\n|upkeep\n|turn|4\n|\n|t:|1683837988\n|move|p1a: Mienshao|Swords Dance|p1a: Mienshao\n|-boost|p1a: Mienshao|atk|2\n|move|p2a: Corsola|Will-O-Wisp|p1a: Mienshao\n|-status|p1a: Mienshao|brn\n|\n|-weather|SunnyDay|[upkeep]\n|-damage|p1a: Mienshao|202/241 brn|[from] brn\n|upkeep\n|turn|5\n|\n|t:|1683837995\n|move|p1a: Mienshao|Poison Jab|p2a: Corsola\n|-resisted|p2a: Corsola\n|-damage|p2a: Corsola|76/238\n|-damage|p1a: Mienshao|178/241 brn|[from] item: Life Orb\n|move|p2a: Corsola|Strength Sap|p1a: Mienshao\n|-unboost|p1a: Mienshao|atk|1\n|-heal|p2a: Corsola|238/238\n|\n|-weather|none\n|-damage|p1a: Mienshao|163/241 brn|[from] brn\n|upkeep\n|turn|6\n|\n|t:|1683838009\n|move|p1a: Mienshao|Swords Dance|p1a: Mienshao\n|-boost|p1a: Mienshao|atk|2\n|move|p2a: Corsola|Strength Sap|p1a: Mienshao\n|-unboost|p1a: Mienshao|atk|1\n|\n|-damage|p1a: Mienshao|148/241 brn|[from] brn\n|upkeep\n|turn|7\n|\n|t:|1683838016\n|move|p1a: Mienshao|Knock Off|p2a: Corsola\n|-supereffective|p2a: Corsola\n|-damage|p2a: Corsola|121/238\n|-damage|p1a: Mienshao|124/241 brn|[from] item: Life Orb\n|move|p2a: Corsola|Haze|p2a: Corsola\n|-clearallboost\n|\n|-damage|p1a: Mienshao|109/241 brn|[from] brn\n|upkeep\n|turn|8\n|\n|t:|1683838026\n|move|p1a: Mienshao|Knock Off|p2a: Corsola\n|-supereffective|p2a: Corsola\n|-damage|p2a: Corsola|59/238\n|-damage|p1a: Mienshao|85/241 brn|[from] item: Life Orb\n|move|p2a: Corsola|Strength Sap|p1a: Mienshao\n|-unboost|p1a: Mienshao|atk|1\n|-heal|p2a: Corsola|238/238\n|\n|-damage|p1a: Mienshao|70/241 brn|[from] brn\n|upkeep\n|turn|9\n|\n|t:|1683838039\n|switch|p1a: Froslass|Froslass, L84, F|255/255\n|move|p2a: Corsola|Strength Sap|p1a: Froslass\n|-unboost|p1a: Froslass|atk|1\n|\n|upkeep\n|turn|10\n|\n|t:|1683838051\n|move|p1a: Froslass|Poltergeist||[still]\n|-fail|p1a: Froslass\n|move|p2a: Corsola|Will-O-Wisp|p1a: Froslass\n|-status|p1a: Froslass|brn\n|\n|-damage|p1a: Froslass|240/255 brn|[from] brn\n|upkeep\n|turn|11\n|\n|t:|1683838074\n|switch|p2a: Blissey|Blissey, L83, F|559/559\n|move|p1a: Froslass|Triple Axel|p2a: Blissey\n|-damage|p2a: Blissey|542/559\n|-damage|p2a: Blissey|507/559\n|-damage|p2a: Blissey|450/559\n|-hitcount|p2a: Blissey|3\n|\n|-heal|p2a: Blissey|484/559|[from] item: Leftovers\n|-damage|p1a: Froslass|225/255 brn|[from] brn\n|upkeep\n|turn|12\n|inactive|Cringos has 120 seconds left.\n|\n|t:|1683838095\n|move|p1a: Froslass|Taunt|p2a: Blissey\n|-start|p2a: Blissey|move: Taunt\n|cant|p2a: Blissey|move: Taunt|Teleport\n|\n|-heal|p2a: Blissey|518/559|[from] item: Leftovers\n|-damage|p1a: Froslass|210/255 brn|[from] brn\n|upkeep\n|turn|13\n|\n|t:|1683838106\n|switch|p2a: Poliwrath|Poliwrath, L84, M|288/288\n|move|p1a: Froslass|Poltergeist|p2a: Poliwrath\n|-activate|p2a: Poliwrath|move: Poltergeist|Life Orb\n|-damage|p2a: Poliwrath|254/288\n|\n|-damage|p1a: Froslass|195/255 brn|[from] brn\n|upkeep\n|turn|14\n|inactive|Cringos has 120 seconds left.\n|\n|t:|1683838129\n|switch|p1a: Sceptile|Sceptile, L86, M|261/261\n|move|p2a: Poliwrath|Darkest Lariat|p1a: Sceptile\n|-damage|p1a: Sceptile|173/261\n|-damage|p2a: Poliwrath|226/288|[from] item: Life Orb\n|\n|-heal|p1a: Sceptile|189/261|[from] item: Leftovers\n|upkeep\n|turn|15\n|inactive|Cringos has 120 seconds left.\n|\n|t:|1683838142\n|switch|p2a: Duraludon|Duraludon, L84, F|255/255\n|move|p1a: Sceptile|Giga Drain|p2a: Duraludon\n|-resisted|p2a: Duraludon\n|-damage|p2a: Duraludon|223/255\n|-heal|p1a: Sceptile|205/261|[from] drain|[of] p2a: Duraludon\n|\n|-heal|p1a: Sceptile|221/261|[from] item: Leftovers\n|upkeep\n|turn|16\n|inactive|Cringos has 120 seconds left.\n|\n|t:|1683838156\n|move|p1a: Sceptile|Focus Blast|p2a: Duraludon\n|-supereffective|p2a: Duraludon\n|-damage|p2a: Duraludon|0 fnt\n|faint|p2a: Duraludon\n|\n|-heal|p1a: Sceptile|237/261|[from] item: Leftovers\n|upkeep\n|\n|t:|1683838162\n|switch|p2a: Corsola|Corsola-Galar, L84, M|238/238\n|turn|17\n|\n|t:|1683838166\n|move|p1a: Sceptile|Leech Seed|p2a: Corsola\n|-start|p2a: Corsola|move: Leech Seed\n|move|p2a: Corsola|Will-O-Wisp|p1a: Sceptile\n|-status|p1a: Sceptile|brn\n|\n|-heal|p1a: Sceptile|253/261 brn|[from] item: Leftovers\n|-damage|p2a: Corsola|209/238|[from] Leech Seed|[of] p1a: Sceptile\n|-heal|p1a: Sceptile|261/261 brn|[silent]\n|-damage|p1a: Sceptile|245/261 brn|[from] brn\n|upkeep\n|turn|18\n|\n|t:|1683838171\n|switch|p2a: Blissey|Blissey, L83, F|518/559\n|move|p1a: Sceptile|Giga Drain|p2a: Blissey\n|-damage|p2a: Blissey|457/559\n|-heal|p1a: Sceptile|261/261 brn|[from] drain|[of] p2a: Blissey\n|\n|-heal|p2a: Blissey|491/559|[from] item: Leftovers\n|-damage|p1a: Sceptile|245/261 brn|[from] brn\n|upkeep\n|turn|19\n|\n|t:|1683838181\n|move|p1a: Sceptile|Leech Seed|p2a: Blissey\n|-start|p2a: Blissey|move: Leech Seed\n|move|p2a: Blissey|Teleport|p2a: Blissey\n|\n|t:|1683838183\n|switch|p2a: Torkoal|Torkoal, L86, M|101/261|[from] Teleport\n|-weather|SunnyDay|[from] ability: Drought|[of] p2a: Torkoal\n|\n|-weather|SunnyDay|[upkeep]\n|-heal|p1a: Sceptile|261/261 brn|[from] item: Leftovers\n|-damage|p1a: Sceptile|245/261 brn|[from] brn\n|upkeep\n|turn|20\n|\n|t:|1683838189\n|switch|p2a: Milotic|Milotic, L82, F|290/290\n|move|p1a: Sceptile|Giga Drain|p2a: Milotic\n|-supereffective|p2a: Milotic\n|-damage|p2a: Milotic|158/290\n|-heal|p1a: Sceptile|261/261 brn|[from] drain|[of] p2a: Milotic\n|\n|-weather|SunnyDay|[upkeep]\n|-heal|p2a: Milotic|176/290|[from] item: Leftovers\n|-damage|p1a: Sceptile|245/261 brn|[from] brn\n|upkeep\n|turn|21\n|\n|t:|1683838196\n|move|p1a: Sceptile|Focus Blast|p2a: Milotic|[miss]\n|-miss|p1a: Sceptile|p2a: Milotic\n|move|p2a: Milotic|Ice Beam|p1a: Sceptile\n|-supereffective|p1a: Sceptile\n|-damage|p1a: Sceptile|123/261 brn\n|\n|-weather|SunnyDay|[upkeep]\n|-heal|p1a: Sceptile|139/261 brn|[from] item: Leftovers\n|-heal|p2a: Milotic|194/290|[from] item: Leftovers\n|-damage|p1a: Sceptile|123/261 brn|[from] brn\n|upkeep\n|turn|22\n|\n|t:|1683838205\n|move|p1a: Sceptile|Giga Drain|p2a: Milotic\n|-supereffective|p2a: Milotic\n|-damage|p2a: Milotic|62/290\n|-heal|p1a: Sceptile|189/261 brn|[from] drain|[of] p2a: Milotic\n|move|p2a: Milotic|Recover|p2a: Milotic\n|-heal|p2a: Milotic|207/290\n|\n|-weather|SunnyDay|[upkeep]\n|-heal|p1a: Sceptile|205/261 brn|[from] item: Leftovers\n|-heal|p2a: Milotic|225/290|[from] item: Leftovers\n|-damage|p1a: Sceptile|189/261 brn|[from] brn\n|upkeep\n|turn|23\n|\n|t:|1683838209\n|move|p1a: Sceptile|Giga Drain|p2a: Milotic\n|-supereffective|p2a: Milotic\n|-damage|p2a: Milotic|93/290\n|-heal|p1a: Sceptile|255/261 brn|[from] drain|[of] p2a: Milotic\n|move|p2a: Milotic|Ice Beam|p1a: Sceptile\n|-supereffective|p1a: Sceptile\n|-damage|p1a: Sceptile|137/261 brn\n|\n|-weather|none\n|-heal|p1a: Sceptile|153/261 brn|[from] item: Leftovers\n|-heal|p2a: Milotic|111/290|[from] item: Leftovers\n|-damage|p1a: Sceptile|137/261 brn|[from] brn\n|upkeep\n|turn|24\n|\n|t:|1683838214\n|switch|p2a: Blissey|Blissey, L83, F|491/559\n|move|p1a: Sceptile|Giga Drain|p2a: Blissey\n|-damage|p2a: Blissey|422/559\n|-heal|p1a: Sceptile|172/261 brn|[from] drain|[of] p2a: Blissey\n|\n|-heal|p1a: Sceptile|188/261 brn|[from] item: Leftovers\n|-heal|p2a: Blissey|456/559|[from] item: Leftovers\n|-damage|p1a: Sceptile|172/261 brn|[from] brn\n|upkeep\n|turn|25\n|\n|t:|1683838222\n|move|p1a: Sceptile|Focus Blast|p2a: Blissey\n|-supereffective|p2a: Blissey\n|-damage|p2a: Blissey|322/559\n|move|p2a: Blissey|Teleport|p2a: Blissey\n|\n|t:|1683838229\n|switch|p2a: Torkoal|Torkoal, L86, M|101/261|[from] Teleport\n|-weather|SunnyDay|[from] ability: Drought|[of] p2a: Torkoal\n|\n|-weather|SunnyDay|[upkeep]\n|-heal|p1a: Sceptile|188/261 brn|[from] item: Leftovers\n|-damage|p1a: Sceptile|172/261 brn|[from] brn\n|upkeep\n|turn|26\n|\n|t:|1683838245\n|move|p1a: Sceptile|Focus Blast|p2a: Torkoal\n|-damage|p2a: Torkoal|0 fnt\n|faint|p2a: Torkoal\n|\n|-weather|SunnyDay|[upkeep]\n|-heal|p1a: Sceptile|188/261 brn|[from] item: Leftovers\n|-damage|p1a: Sceptile|172/261 brn|[from] brn\n|upkeep\n|\n|t:|1683838251\n|switch|p2a: Corsola|Corsola-Galar, L84, M|209/238\n|turn|27\n|\n|t:|1683838255\n|move|p1a: Sceptile|Giga Drain|p2a: Corsola\n|-damage|p2a: Corsola|125/238\n|-heal|p1a: Sceptile|214/261 brn|[from] drain|[of] p2a: Corsola\n|move|p2a: Corsola|Night Shade|p1a: Sceptile\n|-damage|p1a: Sceptile|130/261 brn\n|\n|-weather|SunnyDay|[upkeep]\n|-heal|p1a: Sceptile|146/261 brn|[from] item: Leftovers\n|-damage|p1a: Sceptile|130/261 brn|[from] brn\n|upkeep\n|turn|28\n|\n|t:|1683838261\n|switch|p2a: Blissey|Blissey, L83, F|322/559\n|move|p1a: Sceptile|Giga Drain|p2a: Blissey\n|-damage|p2a: Blissey|259/559\n|-heal|p1a: Sceptile|162/261 brn|[from] drain|[of] p2a: Blissey\n|\n|-weather|SunnyDay|[upkeep]\n|-heal|p1a: Sceptile|178/261 brn|[from] item: Leftovers\n|-heal|p2a: Blissey|293/559|[from] item: Leftovers\n|-damage|p1a: Sceptile|162/261 brn|[from] brn\n|upkeep\n|turn|29\n|\n|t:|1683838264\n|move|p1a: Sceptile|Focus Blast|p2a: Blissey\n|-supereffective|p2a: Blissey\n|-damage|p2a: Blissey|167/559\n|move|p2a: Blissey|Soft-Boiled|p2a: Blissey\n|-heal|p2a: Blissey|447/559\n|\n|-weather|none\n|-heal|p1a: Sceptile|178/261 brn|[from] item: Leftovers\n|-heal|p2a: Blissey|481/559|[from] item: Leftovers\n|-damage|p1a: Sceptile|162/261 brn|[from] brn\n|upkeep\n|turn|30\n|\n|t:|1683838273\n|move|p1a: Sceptile|Focus Blast|p2a: Blissey|[miss]\n|-miss|p1a: Sceptile|p2a: Blissey\n|move|p2a: Blissey|Teleport|p2a: Blissey\n|\n|t:|1683838278\n|switch|p2a: Poliwrath|Poliwrath, L84, M|226/288|[from] Teleport\n|\n|-heal|p1a: Sceptile|178/261 brn|[from] item: Leftovers\n|-damage|p1a: Sceptile|162/261 brn|[from] brn\n|upkeep\n|turn|31\n|\n|t:|1683838284\n|switch|p2a: Blissey|Blissey, L83, F|481/559\n|move|p1a: Sceptile|Focus Blast|p2a: Blissey\n|-supereffective|p2a: Blissey\n|-damage|p2a: Blissey|333/559\n|\n|-heal|p1a: Sceptile|178/261 brn|[from] item: Leftovers\n|-heal|p2a: Blissey|367/559|[from] item: Leftovers\n|-damage|p1a: Sceptile|162/261 brn|[from] brn\n|upkeep\n|turn|32\n|\n|t:|1683838292\n|move|p1a: Sceptile|Leech Seed|p2a: Blissey\n|-start|p2a: Blissey|move: Leech Seed\n|move|p2a: Blissey|Soft-Boiled|p2a: Blissey\n|-heal|p2a: Blissey|559/559\n|\n|-heal|p1a: Sceptile|178/261 brn|[from] item: Leftovers\n|-damage|p2a: Blissey|490/559|[from] Leech Seed|[of] p1a: Sceptile\n|-heal|p1a: Sceptile|247/261 brn|[silent]\n|-damage|p1a: Sceptile|231/261 brn|[from] brn\n|upkeep\n|turn|33\n|\n|t:|1683838300\n|move|p1a: Sceptile|Focus Blast|p2a: Blissey\n|-supereffective|p2a: Blissey\n|-damage|p2a: Blissey|360/559\n|move|p2a: Blissey|Teleport|p2a: Blissey\n|\n|t:|1683838305\n|switch|p2a: Corsola|Corsola-Galar, L84, M|125/238|[from] Teleport\n|\n|-heal|p1a: Sceptile|247/261 brn|[from] item: Leftovers\n|-damage|p1a: Sceptile|231/261 brn|[from] brn\n|upkeep\n|turn|34\n|\n|t:|1683838309\n|move|p1a: Sceptile|Giga Drain|p2a: Corsola\n|-damage|p2a: Corsola|50/238\n|-heal|p1a: Sceptile|261/261 brn|[from] drain|[of] p2a: Corsola\n|move|p2a: Corsola|Strength Sap|p1a: Sceptile\n|-unboost|p1a: Sceptile|atk|1\n|-heal|p2a: Corsola|201/238\n|\n|-damage|p1a: Sceptile|245/261 brn|[from] brn\n|upkeep\n|turn|35\n|\n|t:|1683838313\n|switch|p2a: Blissey|Blissey, L83, F|360/559\n|move|p1a: Sceptile|Giga Drain|p2a: Blissey\n|-damage|p2a: Blissey|299/559\n|-heal|p1a: Sceptile|261/261 brn|[from] drain|[of] p2a: Blissey\n|\n|-heal|p2a: Blissey|333/559|[from] item: Leftovers\n|-damage|p1a: Sceptile|245/261 brn|[from] brn\n|upkeep\n|turn|36\n|\n|t:|1683838323\n|move|p1a: Sceptile|Leech Seed|p2a: Blissey|[miss]\n|-miss|p1a: Sceptile|p2a: Blissey\n|move|p2a: Blissey|Teleport|p2a: Blissey\n|\n|t:|1683838327\n|switch|p2a: Corsola|Corsola-Galar, L84, M|201/238|[from] Teleport\n|\n|-heal|p1a: Sceptile|261/261 brn|[from] item: Leftovers\n|-damage|p1a: Sceptile|245/261 brn|[from] brn\n|upkeep\n|turn|37\n|\n|t:|1683838344\n|switch|p1a: Charizard|Charizard, L82, F|262/262\n|move|p2a: Corsola|Haze|p2a: Corsola\n|-clearallboost\n|\n|upkeep\n|turn|38\n|\n|t:|1683838358\n|-start|p1a: Charizard|Dynamax|\n|-heal|p1a: Charizard|524/524|[silent]\n|move|p1a: Charizard|Max Airstream|p2a: Corsola\n|-damage|p2a: Corsola|66/238\n|-boost|p1a: Charizard|spe|1\n|move|p2a: Corsola|Haze|p2a: Corsola\n|-clearallboost\n|\n|upkeep\n|turn|39\n|\n|t:|1683838369\n|move|p1a: Charizard|Max Airstream|p2a: Corsola\n|-damage|p2a: Corsola|0 fnt\n|-boost|p1a: Charizard|spe|1\n|faint|p2a: Corsola\n|\n|upkeep\n|\n|t:|1683838370\n|switch|p2a: Blissey|Blissey, L83, F|333/559\n|turn|40\n|\n|t:|1683838373\n|move|p1a: Charizard|Max Knuckle|p2a: Blissey\n|-supereffective|p2a: Blissey\n|-damage|p2a: Blissey|233/559\n|-boost|p1a: Charizard|atk|1\n|move|p2a: Blissey|Toxic|p1a: Charizard\n|-status|p1a: Charizard|tox\n|\n|-heal|p2a: Blissey|267/559|[from] item: Leftovers\n|-damage|p1a: Charizard|508/524 tox|[from] psn\n|upkeep\n|-end|p1a: Charizard|Dynamax\n|-heal|p1a: Charizard|254/262 tox|[silent]\n|turn|41\n|\n|t:|1683838394\n|move|p1a: Charizard|Focus Blast|p2a: Blissey\n|-supereffective|p2a: Blissey\n|-damage|p2a: Blissey|151/559\n|move|p2a: Blissey|Soft-Boiled|p2a: Blissey\n|-heal|p2a: Blissey|431/559\n|\n|-heal|p2a: Blissey|465/559|[from] item: Leftovers\n|-damage|p1a: Charizard|222/262 tox|[from] psn\n|upkeep\n|turn|42\n|\n|t:|1683838403\n|switch|p1a: Mienshao|Mienshao, L82, M|150/241 brn\n|move|p2a: Blissey|Seismic Toss|p1a: Mienshao\n|-damage|p1a: Mienshao|67/241 brn\n|\n|-heal|p2a: Blissey|499/559|[from] item: Leftovers\n|-damage|p1a: Mienshao|52/241 brn|[from] brn\n|upkeep\n|turn|43\n|\n|t:|1683838414\n|switch|p2a: Milotic|Milotic, L82, F|111/290\n|move|p1a: Mienshao|Close Combat|p2a: Milotic\n|-damage|p2a: Milotic|2/290\n|-unboost|p1a: Mienshao|def|1\n|-unboost|p1a: Mienshao|spd|1\n|-damage|p1a: Mienshao|28/241 brn|[from] item: Life Orb\n|\n|-heal|p2a: Milotic|20/290|[from] item: Leftovers\n|-damage|p1a: Mienshao|13/241 brn|[from] brn\n|upkeep\n|turn|44\n|\n|t:|1683838437\n|move|p1a: Mienshao|Close Combat|p2a: Milotic\n|-damage|p2a: Milotic|0 fnt\n|-unboost|p1a: Mienshao|def|1\n|-unboost|p1a: Mienshao|spd|1\n|faint|p2a: Milotic\n|-damage|p1a: Mienshao|0 fnt|[from] item: Life Orb\n|faint|p1a: Mienshao\n|\n|upkeep\n|\n|t:|1683838446\n|switch|p1a: Charizard|Charizard, L82, F|222/262 tox\n|switch|p2a: Blissey|Blissey, L83, F|499/559\n|turn|45\n|\n|t:|1683838458\n|move|p1a: Charizard|Fire Blast|p2a: Blissey|[miss]\n|-miss|p1a: Charizard|p2a: Blissey\n|move|p2a: Blissey|Seismic Toss|p1a: Charizard\n|-damage|p1a: Charizard|139/262 tox\n|\n|-heal|p2a: Blissey|533/559|[from] item: Leftovers\n|-damage|p1a: Charizard|123/262 tox|[from] psn\n|upkeep\n|turn|46\n|\n|t:|1683838464\n|move|p1a: Charizard|Fire Blast|p2a: Blissey\n|-damage|p2a: Blissey|440/559\n|move|p2a: Blissey|Seismic Toss|p1a: Charizard\n|-damage|p1a: Charizard|40/262 tox\n|\n|-heal|p2a: Blissey|474/559|[from] item: Leftovers\n|-damage|p1a: Charizard|8/262 tox|[from] psn\n|upkeep\n|turn|47\n|\n|t:|1683838471\n|move|p1a: Charizard|Roost|p1a: Charizard\n|-heal|p1a: Charizard|139/262 tox\n|-singleturn|p1a: Charizard|move: Roost\n|move|p2a: Blissey|Soft-Boiled|p2a: Blissey\n|-heal|p2a: Blissey|559/559\n|\n|-damage|p1a: Charizard|91/262 tox|[from] psn\n|upkeep\n|turn|48\n|\n|t:|1683838480\n|move|p1a: Charizard|Fire Blast|p2a: Blissey\n|-damage|p2a: Blissey|475/559\n|move|p2a: Blissey|Seismic Toss|p1a: Charizard\n|-damage|p1a: Charizard|8/262 tox\n|\n|-heal|p2a: Blissey|509/559|[from] item: Leftovers\n|-damage|p1a: Charizard|0 fnt|[from] psn\n|faint|p1a: Charizard\n|upkeep\n|\n|t:|1683838499\n|switch|p1a: Froslass|Froslass, L84, F|195/255 brn\n|turn|49\n|inactive|Cringos has 120 seconds left.\n|\n|t:|1683838525\n|switch|p2a: Poliwrath|Poliwrath, L84, M|226/288\n|move|p1a: Froslass|Taunt|p2a: Poliwrath\n|-start|p2a: Poliwrath|move: Taunt\n|\n|-damage|p1a: Froslass|180/255 brn|[from] brn\n|upkeep\n|turn|50\n|inactive|Cringos has 120 seconds left.\n|\n|t:|1683838538\n|switch|p1a: Sceptile|Sceptile, L86, M|245/261 brn\n|-start|p2a: Poliwrath|Dynamax|\n|-heal|p2a: Poliwrath|452/576|[silent]\n|move|p2a: Poliwrath|Max Geyser|p1a: Sceptile\n|-resisted|p1a: Sceptile\n|-damage|p1a: Sceptile|144/261 brn\n|-weather|RainDance\n|-damage|p2a: Poliwrath|424/576|[from] item: Life Orb\n|\n|-weather|RainDance|[upkeep]\n|-heal|p1a: Sceptile|160/261 brn|[from] item: Leftovers\n|-damage|p1a: Sceptile|144/261 brn|[from] brn\n|upkeep\n|turn|51\n|\n|t:|1683838548\n|move|p2a: Poliwrath|Max Knuckle|p1a: Sceptile\n|-damage|p1a: Sceptile|0 fnt\n|-boost|p2a: Poliwrath|atk|1\n|faint|p1a: Sceptile\n|-damage|p2a: Poliwrath|396/576|[from] item: Life Orb\n|\n|-weather|RainDance|[upkeep]\n|-end|p2a: Poliwrath|move: Taunt\n|upkeep\n|inactive|Cringos has 120 seconds left.\n|\n|t:|1683838566\n|switch|p1a: Heliolisk|Heliolisk, L82, F|236/236\n|turn|52\n|inactive|Cringos has 120 seconds left.\n|\n|t:|1683838598\n|move|p2a: Poliwrath|Max Darkness|p1a: Heliolisk\n|-damage|p1a: Heliolisk|0 fnt\n|faint|p1a: Heliolisk\n|-damage|p2a: Poliwrath|368/576|[from] item: Life Orb\n|\n|-weather|RainDance|[upkeep]\n|upkeep\n|\n|t:|1683838604\n|switch|p1a: Froslass|Froslass, L84, F|180/255 brn\n|-end|p2a: Poliwrath|Dynamax\n|-heal|p2a: Poliwrath|184/288|[silent]\n|turn|53\n|\n|t:|1683838617\n|move|p2a: Poliwrath|Darkest Lariat|p1a: Froslass\n|-supereffective|p1a: Froslass\n|-crit|p1a: Froslass\n|-damage|p1a: Froslass|0 fnt\n|faint|p1a: Froslass\n|-damage|p2a: Poliwrath|156/288|[from] item: Life Orb\n|\n|win|Hachowey\n|raw|Cringos's rating: 1185 &rarr; <strong>1164</strong><br />(-21 for losing)\n|raw|Hachowey's rating: 1242 &rarr; <strong>1263</strong><br />(+21 for winning)\n|c|\u2606Hachowey|Gg lmai\n|l|\u2606Cringos\n", "inputlog": ">version bce759c5f189753f4322d11c9e5aa78bbe1b1bf9\n>start {\"formatid\":\"gen8randombattle\",\"seed\":[32355,12412,5774,6397],\"rated\":\"Rated battle\"}\n>player p1 {\"name\":\"Cringos\",\"avatar\":\"cynthia-gen4\",\"rating\":1185,\"seed\":[14599,7211,3485,48332]}\n>player p2 {\"name\":\"Hachowey\",\"avatar\":\"266\",\"rating\":1242,\"seed\":[39193,3437,57109,8689]}\n>p1 move dragondance\n>p2 move solarbeam\n>p1 move crabhammer\n>p2 move rapidspin\n>p1 switch 4\n>p1 move knockoff\n>p2 switch 4\n>p1 move swordsdance\n>p2 move willowisp\n>p1 move poisonjab\n>p2 move strengthsap\n>p1 move swordsdance\n>p2 move strengthsap\n>p1 move knockoff\n>p2 move haze\n>p1 move knockoff\n>p2 move strengthsap\n>p1 switch 3\n>p2 move strengthsap\n>p1 move poltergeist\n>p2 move willowisp\n>p1 move tripleaxel\n>p2 switch 5\n>p1 move taunt\n>p2 move teleport\n>p1 move poltergeist\n>p2 switch 3\n>p1 switch 5\n>p2 move darkestlariat\n>p1 move gigadrain\n>p2 switch 2\n>p1 move focusblast\n>p2 move stealthrock\n>p2 switch 5\n>p1 move leechseed\n>p2 move willowisp\n>p1 move gigadrain\n>p2 switch 3\n>p1 move leechseed\n>p2 move teleport\n>p2 switch 4\n>p1 move gigadrain\n>p2 switch 6\n>p1 move focusblast\n>p2 move icebeam\n>p1 move gigadrain\n>p2 move recover\n>p1 move gigadrain\n>p2 move icebeam\n>p1 move gigadrain\n>p2 switch 4\n>p1 move focusblast\n>p2 move teleport\n>p2 switch 6\n>p1 move focusblast\n>p2 move lavaplume\n>p2 switch 3\n>p1 move gigadrain\n>p2 move nightshade\n>p1 move gigadrain\n>p2 switch 6\n>p1 move focusblast\n>p2 move softboiled\n>p1 move focusblast\n>p2 move teleport\n>p2 switch 2\n>p1 move focusblast\n>p2 switch 2\n>p1 move leechseed\n>p2 move softboiled\n>p1 move focusblast\n>p2 move teleport\n>p2 switch 6\n>p1 move gigadrain\n>p2 move strengthsap\n>p1 move gigadrain\n>p2 switch 6\n>p1 move leechseed\n>p2 move teleport\n>p2 switch 6\n>p1 switch 6\n>p2 move haze\n>p1 move airslash dynamax\n>p2 move haze\n>p1 move airslash dynamax\n>p2 move haze\n>p2 switch 6\n>p1 move focusblast dynamax\n>p2 move toxic\n>p1 move focusblast\n>p2 move softboiled\n>p1 switch 3\n>p2 move seismictoss\n>p1 move closecombat\n>p2 switch 4\n>p1 move closecombat\n>p2 move recover\n>p1 switch 3\n>p2 switch 4\n>p1 move fireblast\n>p2 move seismictoss\n>p1 move fireblast\n>p2 move seismictoss\n>p1 move roost\n>p2 move softboiled\n>p1 move fireblast\n>p2 move seismictoss\n>p1 switch 5\n>p1 move taunt\n>p2 switch 2\n>p1 switch 6\n>p2 move liquidation dynamax\n>p1 move gigadrain\n>p2 move closecombat dynamax\n>p1 switch 2\n>p1 move thunderbolt\n>p2 move darkestlariat dynamax\n>p1 switch 6\n>p1 move poltergeist\n>p2 move darkestlariat", "uploadtime": 1683839106, "views": 6, "p1id": "cringos", "p2id": "hachowey", "formatid": "gen8randombattle", "rating": 1164, "private": 0, "password": ""}