{"id": "gen8randombattle-1873755809", "p1": "yfjfhvvfjhvj", "p2": "TheStevinator", "format": "[Gen 8] Random Battle", "log": "|j|\u2606yfjfhvvfjhvj\n|j|\u2606TheStevinator\n|t:|1685415486\n|gametype|singles\n|player|p1|yfjfhvvfjhvj|169|1045\n|player|p2|TheStevinator|steven|1106\n|teamsize|p1|6\n|teamsize|p2|6\n|gen|8\n|tier|[Gen 8] Random Battle\n|rated|\n|rule|Species Clause: Limit one of each Pok\u00e9mon\n|rule|HP Percentage Mod: HP is shown in percentages\n|rule|Sleep Clause Mod: Limit one foe put to sleep\n|\n|t:|1685415486\n|start\n|switch|p1a: Pyukumuku|Pyukumuku, L84, F|230/230\n|switch|p2a: Hippowdon|Hippowdon, L80, M|304/304\n|-weather|Sandstorm|[from] ability: Sand Stream|[of] p2a: Hippowdon\n|turn|1\n|inactive|Battle timer is ON: inactive players will automatically lose when time's up. (requested by TheStevinator)\n|\n|t:|1685415507\n|switch|p2a: Klefki|Klefki, L82, F|228/228\n|move|p1a: Pyukumuku|Toxic|p2a: Klefki\n|-immune|p2a: Klefki\n|\n|-weather|Sandstorm|[upkeep]\n|-damage|p1a: Pyukumuku|216/230|[from] Sandstorm\n|-heal|p1a: Pyukumuku|230/230|[from] item: Leftovers\n|upkeep\n|turn|2\n|\n|t:|1685415523\n|switch|p1a: Magnezone|Magnezone, L84|255/255\n|move|p2a: Klefki|Toxic|p1a: Magnezone\n|-immune|p1a: Magnezone\n|\n|-weather|Sandstorm|[upkeep]\n|upkeep\n|turn|3\n|inactive|TheStevinator has 120 seconds left.\n|\n|t:|1685415552\n|move|p2a: Klefki|Spikes|p1a: Magnezone\n|-sidestart|p1: yfjfhvvfjhvj|Spikes\n|move|p1a: Magnezone|Thunderbolt|p2a: Klefki\n|-damage|p2a: Klefki|96/228\n|\n|-weather|Sandstorm|[upkeep]\n|-heal|p2a: Klefki|110/228|[from] item: Leftovers\n|upkeep\n|turn|4\n|inactive|TheStevinator has 120 seconds left.\n|\n|t:|1685415562\n|move|p2a: Klefki|Spikes|p1a: Magnezone\n|-sidestart|p1: yfjfhvvfjhvj|Spikes\n|move|p1a: Magnezone|Thunderbolt|p2a: Klefki\n|-damage|p2a: Klefki|0 fnt\n|faint|p2a: Klefki\n|\n|-weather|Sandstorm|[upkeep]\n|upkeep\n|inactive|TheStevinator has 120 seconds left.\n|\n|t:|1685415572\n|switch|p2a: Hippowdon|Hippowdon, L80, M|304/304\n|turn|5\n|inactive|TheStevinator has 120 seconds left.\n|\n|t:|1685415581\n|switch|p1a: Armaldo|Armaldo, L86, M|269/269\n|move|p2a: Hippowdon|Stealth Rock|p1a: Armaldo\n|-sidestart|p1: yfjfhvvfjhvj|move: Stealth Rock\n|\n|-weather|none\n|upkeep\n|turn|6\n|inactive|TheStevinator has 120 seconds left.\n|\n|t:|1685415592\n|switch|p2a: Terrakion|Terrakion, L78|270/270\n|move|p1a: Armaldo|Rapid Spin|p2a: Terrakion\n|-resisted|p2a: Terrakion\n|-damage|p2a: Terrakion|247/270\n|-boost|p1a: Armaldo|spe|1\n|-sideend|p1: yfjfhvvfjhvj|Spikes|[from] move: Rapid Spin|[of] p1a: Armaldo\n|-sideend|p1: yfjfhvvfjhvj|Stealth Rock|[from] move: Rapid Spin|[of] p1a: Armaldo\n|\n|upkeep\n|turn|7\n|inactive|TheStevinator has 120 seconds left.\n|\n|t:|1685415606\n|switch|p1a: Leafeon|Leafeon, L86, F|252/252\n|move|p2a: Terrakion|Earthquake|p1a: Leafeon\n|-resisted|p1a: Leafeon\n|-damage|p1a: Leafeon|216/252\n|-damage|p2a: Terrakion|220/270|[from] item: Life Orb\n|\n|upkeep\n|turn|8\n|inactive|TheStevinator has 120 seconds left.\n|\n|t:|1685415620\n|move|p2a: Terrakion|Swords Dance|p2a: Terrakion\n|-boost|p2a: Terrakion|atk|2\n|move|p1a: Leafeon|Leaf Blade|p2a: Terrakion\n|-supereffective|p2a: Terrakion\n|-damage|p2a: Terrakion|4/270\n|\n|upkeep\n|turn|9\n|\n|t:|1685415627\n|move|p2a: Terrakion|Close Combat|p1a: Leafeon\n|-crit|p1a: Leafeon\n|-damage|p1a: Leafeon|0 fnt\n|-unboost|p2a: Terrakion|def|1\n|-unboost|p2a: Terrakion|spd|1\n|faint|p1a: Leafeon\n|-damage|p2a: Terrakion|0 fnt|[from] item: Life Orb\n|faint|p2a: Terrakion\n|\n|upkeep\n|\n|t:|1685415640\n|switch|p2a: Pinsir|Pinsir, L84, M|246/246\n|switch|p1a: Cloyster|Cloyster, L80, F|211/211\n|turn|10\n|\n|t:|1685415649\n|move|p2a: Pinsir|Knock Off|p1a: Cloyster\n|-damage|p1a: Cloyster|163/211\n|-enditem|p1a: Cloyster|White Herb|[from] move: Knock Off|[of] p2a: Pinsir\n|move|p1a: Cloyster|Shell Smash|p1a: Cloyster\n|-unboost|p1a: Cloyster|def|1\n|-unboost|p1a: Cloyster|spd|1\n|-boost|p1a: Cloyster|atk|2\n|-boost|p1a: Cloyster|spa|2\n|-boost|p1a: Cloyster|spe|2\n|\n|upkeep\n|turn|11\n|\n|t:|1685415668\n|switch|p2a: Hippowdon|Hippowdon, L80, M|304/304\n|-weather|Sandstorm|[from] ability: Sand Stream|[of] p2a: Hippowdon\n|move|p1a: Cloyster|Rock Blast|p2a: Hippowdon\n|-resisted|p2a: Hippowdon\n|-damage|p2a: Hippowdon|291/304\n|-resisted|p2a: Hippowdon\n|-damage|p2a: Hippowdon|278/304\n|-resisted|p2a: Hippowdon\n|-damage|p2a: Hippowdon|264/304\n|-resisted|p2a: Hippowdon\n|-damage|p2a: Hippowdon|250/304\n|-resisted|p2a: Hippowdon\n|-damage|p2a: Hippowdon|237/304\n|-hitcount|p2a: Hippowdon|5\n|\n|-weather|Sandstorm|[upkeep]\n|-damage|p1a: Cloyster|150/211|[from] Sandstorm\n|-heal|p2a: Hippowdon|256/304|[from] item: Leftovers\n|upkeep\n|turn|12\n|inactive|TheStevinator has 120 seconds left.\n|\n|t:|1685415689\n|move|p1a: Cloyster|Icicle Spear|p2a: Hippowdon\n|-supereffective|p2a: Hippowdon\n|-damage|p2a: Hippowdon|176/304\n|-supereffective|p2a: Hippowdon\n|-damage|p2a: Hippowdon|102/304\n|-supereffective|p2a: Hippowdon\n|-damage|p2a: Hippowdon|16/304\n|-supereffective|p2a: Hippowdon\n|-damage|p2a: Hippowdon|0 fnt\n|faint|p2a: Hippowdon\n|-hitcount|p2: Hippowdon|4\n|\n|-weather|Sandstorm|[upkeep]\n|-damage|p1a: Cloyster|137/211|[from] Sandstorm\n|upkeep\n|\n|t:|1685415707\n|switch|p2a: Spiritomb|Spiritomb, L88, M|231/231\n|turn|13\n|\n|t:|1685415725\n|move|p1a: Cloyster|Icicle Spear|p2a: Spiritomb\n|-damage|p2a: Spiritomb|191/231\n|-damage|p2a: Spiritomb|149/231\n|-damage|p2a: Spiritomb|109/231\n|-damage|p2a: Spiritomb|72/231\n|-crit|p2a: Spiritomb\n|-damage|p2a: Spiritomb|9/231\n|-hitcount|p2a: Spiritomb|5\n|move|p2a: Spiritomb|Foul Play|p1a: Cloyster\n|-damage|p1a: Cloyster|0 fnt\n|faint|p1a: Cloyster\n|\n|-weather|Sandstorm|[upkeep]\n|-damage|p2a: Spiritomb|0 fnt|[from] Sandstorm\n|faint|p2a: Spiritomb\n|upkeep\n|\n|t:|1685415748\n|switch|p1a: Lycanroc|Lycanroc-Midnight, L82, F|274/274\n|switch|p2a: Reshiram|Reshiram, L74|270/270\n|-ability|p2a: Reshiram|Turboblaze\n|turn|14\n|inactive|TheStevinator has 90 seconds left.\n|\n|t:|1685415768\n|move|p1a: Lycanroc|Stone Edge|p2a: Reshiram\n|-supereffective|p2a: Reshiram\n|-damage|p2a: Reshiram|0 fnt\n|faint|p2a: Reshiram\n|-damage|p1a: Lycanroc|247/274|[from] item: Life Orb\n|\n|-weather|Sandstorm|[upkeep]\n|upkeep\n|inactive|TheStevinator has 90 seconds left.\n|\n|t:|1685415779\n|switch|p2a: Pinsir|Pinsir, L84, M|246/246\n|turn|15\n|inactive|TheStevinator has 90 seconds left.\n|\n|t:|1685415791\n|move|p2a: Pinsir|Earthquake|p1a: Lycanroc\n|-supereffective|p1a: Lycanroc\n|-damage|p1a: Lycanroc|43/274\n|move|p1a: Lycanroc|Stone Edge|p2a: Pinsir\n|-supereffective|p2a: Pinsir\n|-damage|p2a: Pinsir|0 fnt\n|faint|p2a: Pinsir\n|-damage|p1a: Lycanroc|16/274|[from] item: Life Orb\n|\n|win|yfjfhvvfjhvj\n|raw|yfjfhvvfjhvj's rating: 1045 &rarr; <strong>1084</strong><br />(+39 for winning)\n|raw|TheStevinator's rating: 1106 &rarr; <strong>1077</strong><br />(-29 for losing)\n", "inputlog": ">version 6fec31d5a0d4498a06105aa188c9906bc0b6bf95\n>start {\"formatid\":\"gen8randombattle\",\"seed\":[53982,64177,26167,50775],\"rated\":\"Rated battle\"}\n>player p1 {\"name\":\"yfjfhvvfjhvj\",\"avatar\":\"169\",\"rating\":1045,\"seed\":[450,31777,3347,63287]}\n>player p2 {\"name\":\"TheStevinator\",\"avatar\":\"steven\",\"rating\":1106,\"seed\":[31388,47426,48464,4503]}\n>p1 move toxic\n>p2 switch 4\n>p1 switch 2\n>p2 move toxic\n>p1 move thunderbolt\n>p2 move spikes\n>p1 move thunderbolt\n>p2 move spikes\n>p2 switch 4\n>p1 switch 3\n>p2 move stealthrock\n>p1 move rapidspin\n>p2 switch 5\n>p1 switch 6\n>p2 move earthquake\n>p1 move leafblade\n>p2 move swordsdance\n>p1 move synthesis\n>p2 move closecombat\n>p1 switch 4\n>p2 switch 2\n>p1 move shellsmash\n>p2 move knockoff\n>p1 move rockblast\n>p2 switch 5\n>p1 move iciclespear\n>p2 move toxic\n>p2 switch 6\n>p1 move iciclespear\n>p2 move foulplay\n>p1 switch 5\n>p2 switch 3\n>p1 move stoneedge\n>p2 move toxic\n>p2 switch 5\n>p1 move stoneedge\n>p2 move earthquake", "uploadtime": 1685415801, "views": 5, "p1id": "yfjfhvvfjhvj", "p2id": "thestevinator", "formatid": "gen8randombattle", "rating": 1077, "private": 0, "password": ""}