{"id": "gen8randombattle-1873036936", "p1": "KeanuVGC", "p2": "MushroomButPokemon", "format": "[Gen 8] Random Battle", "log": "|j|\u2606KeanuVGC\n|j|\u2606MushroomButPokemon\n|t:|1685315512\n|gametype|singles\n|player|p1|KeanuVGC|serena-masters3|\n|player|p2|MushroomButPokemon|2|\n|teamsize|p1|6\n|teamsize|p2|6\n|gen|8\n|tier|[Gen 8] Random Battle\n|rule|Species Clause: Limit one of each Pok\u00e9mon\n|rule|HP Percentage Mod: HP is shown in percentages\n|rule|Sleep Clause Mod: Limit one foe put to sleep\n|\n|t:|1685315512\n|start\n|switch|p1a: Umbreon|Umbreon, L82, M|290/290\n|switch|p2a: Scizor|Scizor, L80, F|243/243\n|turn|1\n|inactive|Battle timer is ON: inactive players will automatically lose when time's up. (requested by KeanuVGC)\n|\n|t:|1685315532\n|move|p1a: Umbreon|Wish|p1a: Umbreon\n|move|p2a: Scizor|Swords Dance|p2a: Scizor\n|-boost|p2a: Scizor|atk|2\n|\n|upkeep\n|turn|2\n|\n|t:|1685315538\n|move|p2a: Scizor|Bullet Punch|p1a: Umbreon\n|-damage|p1a: Umbreon|169/290\n|move|p1a: Umbreon|Foul Play|p2a: Scizor\n|-damage|p2a: Scizor|21/243\n|\n|-heal|p1a: Umbreon|290/290|[from] move: Wish|[wisher] Umbreon\n|-heal|p2a: Scizor|36/243|[from] item: Leftovers\n|upkeep\n|turn|3\n|\n|t:|1685315544\n|move|p1a: Umbreon|Foul Play|p2a: Scizor\n|-damage|p2a: Scizor|0 fnt\n|faint|p2a: Scizor\n|\n|upkeep\n|\n|t:|1685315548\n|switch|p2a: Zapdos|Zapdos-Galar, L76|262/262\n|turn|4\n|\n|t:|1685315564\n|switch|p1a: Aegislash|Aegislash, L80, M|227/227\n|move|p2a: Zapdos|Close Combat|p1a: Aegislash\n|-immune|p1a: Aegislash\n|\n|upkeep\n|turn|5\n|\n|t:|1685315577\n|move|p2a: Zapdos|Throat Chop|p1a: Aegislash\n|-supereffective|p1a: Aegislash\n|-damage|p1a: Aegislash|107/227\n|-start|p1a: Aegislash|Throat Chop|[silent]\n|-damage|p2a: Zapdos|236/262|[from] item: Life Orb\n|move|p1a: Aegislash|Substitute|p1a: Aegislash\n|-start|p1a: Aegislash|Substitute\n|-damage|p1a: Aegislash|51/227\n|\n|-heal|p1a: Aegislash|65/227|[from] item: Leftovers\n|upkeep\n|turn|6\n|\n|t:|1685315583\n|move|p1a: Aegislash|King's Shield|p1a: Aegislash\n|-singleturn|p1a: Aegislash|Protect\n|move|p2a: Zapdos|Throat Chop|p1a: Aegislash\n|-activate|p1a: Aegislash|move: Protect\n|-unboost|p2a: Zapdos|atk|1\n|-ability|p2a: Zapdos|Defiant|boost\n|-boost|p2a: Zapdos|atk|2\n|\n|-heal|p1a: Aegislash|79/227|[from] item: Leftovers\n|-end|p1a: Aegislash|Throat Chop|[silent]\n|upkeep\n|turn|7\n|\n|t:|1685315590\n|move|p2a: Zapdos|Throat Chop|p1a: Aegislash\n|-supereffective|p1a: Aegislash\n|-end|p1a: Aegislash|Substitute\n|-damage|p2a: Zapdos|210/262|[from] item: Life Orb\n|move|p1a: Aegislash|Toxic|p2a: Zapdos\n|-status|p2a: Zapdos|tox\n|\n|-heal|p1a: Aegislash|93/227|[from] item: Leftovers\n|-damage|p2a: Zapdos|194/262 tox|[from] psn\n|upkeep\n|turn|8\n|\n|t:|1685315606\n|move|p2a: Zapdos|Throat Chop|p1a: Aegislash\n|-supereffective|p1a: Aegislash\n|-damage|p1a: Aegislash|0 fnt\n|faint|p1a: Aegislash\n|-damage|p2a: Zapdos|168/262 tox|[from] item: Life Orb\n|\n|-damage|p2a: Zapdos|136/262 tox|[from] psn\n|upkeep\n|\n|t:|1685315609\n|switch|p1a: Solrock|Solrock, L88|302/302\n|turn|9\n|\n|t:|1685315616\n|switch|p2a: Jellicent|Jellicent, L84, M|305/305\n|move|p1a: Solrock|Rock Slide|p2a: Jellicent\n|-damage|p2a: Jellicent|200/305\n|\n|-heal|p2a: Jellicent|219/305|[from] item: Leftovers\n|upkeep\n|turn|10\n|\n|t:|1685315624\n|move|p1a: Solrock|Stealth Rock|p2a: Jellicent\n|-sidestart|p2: MushroomButPokemon|move: Stealth Rock\n|move|p2a: Jellicent|Scald|p1a: Solrock\n|-supereffective|p1a: Solrock\n|-damage|p1a: Solrock|134/302\n|-status|p1a: Solrock|brn\n|\n|-heal|p1a: Solrock|152/302 brn|[from] item: Leftovers\n|-heal|p2a: Jellicent|238/305|[from] item: Leftovers\n|-damage|p1a: Solrock|134/302 brn|[from] brn\n|upkeep\n|turn|11\n|\n|t:|1685315632\n|move|p1a: Solrock|Rock Slide|p2a: Jellicent\n|-damage|p2a: Jellicent|190/305\n|move|p2a: Jellicent|Shadow Ball|p1a: Solrock\n|-supereffective|p1a: Solrock\n|-damage|p1a: Solrock|0 fnt\n|faint|p1a: Solrock\n|\n|-heal|p2a: Jellicent|209/305|[from] item: Leftovers\n|upkeep\n|inactive|KeanuVGC has 270 seconds left.\n|inactive|KeanuVGC has 240 seconds left.\n|\n|t:|1685315702\n|switch|p1a: Umbreon|Umbreon, L82, M|290/290\n|turn|12\n|\n|t:|1685315706\n|switch|p2a: Zapdos|Zapdos-Galar, L76|136/262 tox\n|-damage|p2a: Zapdos|104/262 tox|[from] Stealth Rock\n|move|p1a: Umbreon|Wish|p1a: Umbreon\n|\n|-damage|p2a: Zapdos|88/262 tox|[from] psn\n|upkeep\n|turn|13\n|\n|t:|1685315720\n|move|p2a: Zapdos|Close Combat|p1a: Umbreon\n|-supereffective|p1a: Umbreon\n|-damage|p1a: Umbreon|0 fnt\n|-unboost|p2a: Zapdos|def|1\n|-unboost|p2a: Zapdos|spd|1\n|faint|p1a: Umbreon\n|-damage|p2a: Zapdos|62/262 tox|[from] item: Life Orb\n|\n|-damage|p2a: Zapdos|30/262 tox|[from] psn\n|upkeep\n|inactive|KeanuVGC has 240 seconds left.\n|\n|t:|1685315736\n|switch|p1a: Greedent|Greedent, L84, F|339/339\n|turn|14\n|inactive|KeanuVGC has 240 seconds left.\n|\n|t:|1685315746\n|move|p2a: Zapdos|Close Combat|p1a: Greedent\n|-supereffective|p1a: Greedent\n|-damage|p1a: Greedent|24/339\n|-unboost|p2a: Zapdos|def|1\n|-unboost|p2a: Zapdos|spd|1\n|-enditem|p1a: Greedent|Sitrus Berry|[eat]\n|-heal|p1a: Greedent|108/339|[from] item: Sitrus Berry\n|-heal|p1a: Greedent|221/339|[from] ability: Cheek Pouch\n|-damage|p2a: Zapdos|4/262 tox|[from] item: Life Orb\n|move|p1a: Greedent|Body Slam|p2a: Zapdos\n|-damage|p2a: Zapdos|0 fnt\n|faint|p2a: Zapdos\n|\n|upkeep\n|\n|t:|1685315759\n|switch|p2a: Pelipper|Pelipper, L86, F|243/243\n|-weather|RainDance|[from] ability: Drizzle|[of] p2a: Pelipper\n|turn|15\n|\n|t:|1685315765\n|move|p2a: Pelipper|Hurricane|p1a: Greedent\n|-damage|p1a: Greedent|95/339\n|-start|p1a: Greedent|confusion\n|-activate|p1a: Greedent|confusion\n|-damage|p1a: Greedent|66/339|[from] confusion\n|\n|-weather|RainDance|[upkeep]\n|upkeep\n|turn|16\n|\n|t:|1685315769\n|move|p2a: Pelipper|Hurricane|p1a: Greedent\n|-damage|p1a: Greedent|0 fnt\n|faint|p1a: Greedent\n|\n|-weather|RainDance|[upkeep]\n|upkeep\n|\n|t:|1685315772\n|switch|p1a: Haxorus|Haxorus, L77, M|244/244\n|-ability|p1a: Haxorus|Mold Breaker\n|turn|17\n|inactive|KeanuVGC has 270 seconds left.\n|\n|t:|1685315789\n|-start|p1a: Haxorus|Dynamax|\n|-heal|p1a: Haxorus|488/488|[silent]\n|move|p1a: Haxorus|Max Wyrmwind|p2a: Pelipper\n|-damage|p2a: Pelipper|95/243\n|-unboost|p2a: Pelipper|atk|1\n|move|p2a: Pelipper|Hurricane|p1a: Haxorus\n|-crit|p1a: Haxorus\n|-damage|p1a: Haxorus|253/488\n|\n|-weather|RainDance|[upkeep]\n|upkeep\n|turn|18\n|\n|t:|1685315806\n|move|p1a: Haxorus|Max Knuckle|p2a: Pelipper\n|-resisted|p2a: Pelipper\n|-damage|p2a: Pelipper|63/243\n|-boost|p1a: Haxorus|atk|1\n|move|p2a: Pelipper|Hurricane|p1a: Haxorus\n|-damage|p1a: Haxorus|105/488\n|\n|-weather|RainDance|[upkeep]\n|upkeep\n|turn|19\n|\n|t:|1685315811\n|move|p1a: Haxorus|Max Wyrmwind|p2a: Pelipper\n|-crit|p2a: Pelipper\n|-damage|p2a: Pelipper|0 fnt\n|faint|p2a: Pelipper\n|\n|-weather|none\n|upkeep\n|\n|t:|1685315816\n|switch|p2a: Drapion|Drapion, L82, M|249/249\n|-damage|p2a: Drapion|218/249|[from] Stealth Rock\n|-end|p1a: Haxorus|Dynamax\n|-heal|p1a: Haxorus|53/244|[silent]\n|turn|20\n|\n|t:|1685315823\n|move|p2a: Drapion|Poison Jab|p1a: Haxorus\n|-damage|p1a: Haxorus|0 fnt\n|faint|p1a: Haxorus\n|-damage|p2a: Drapion|194/249|[from] item: Life Orb\n|\n|upkeep\n|\n|t:|1685315826\n|switch|p1a: Toxicroak|Toxicroak, L84, F|277/277\n|turn|21\n|\n|t:|1685315833\n|move|p2a: Drapion|Earthquake|p1a: Toxicroak\n|-supereffective|p1a: Toxicroak\n|-damage|p1a: Toxicroak|87/277\n|-damage|p2a: Drapion|170/249|[from] item: Life Orb\n|move|p1a: Toxicroak|Swords Dance|p1a: Toxicroak\n|-boost|p1a: Toxicroak|atk|2\n|\n|upkeep\n|turn|22\n|\n|t:|1685315836\n|move|p2a: Drapion|Earthquake|p1a: Toxicroak\n|-supereffective|p1a: Toxicroak\n|-damage|p1a: Toxicroak|0 fnt\n|faint|p1a: Toxicroak\n|-damage|p2a: Drapion|146/249|[from] item: Life Orb\n|\n|win|MushroomButPokemon\n|l|\u2606KeanuVGC\n|c|\u2606MushroomButPokemon|gg\n", "inputlog": ">version d74822bbc74c095aa312053f7034baee3068d99e\n>start {\"formatid\":\"gen8randombattle\",\"seed\":[31818,10458,6200,27212]}\n>player p1 {\"name\":\"KeanuVGC\",\"avatar\":\"serena-masters3\",\"rating\":0,\"seed\":[11965,3304,59110,33429]}\n>player p2 {\"name\":\"MushroomButPokemon\",\"avatar\":\"2\",\"rating\":0,\"seed\":[29342,48904,52723,1449]}\n>p1 move wish\n>p2 move swordsdance\n>p1 move foulplay\n>p2 move bulletpunch\n>p1 move foulplay\n>p2 move uturn\n>p2 switch 6\n>p1 switch 5\n>p2 move closecombat\n>p1 move substitute\n>p2 move throatchop\n>p1 move kingsshield\n>p2 move throatchop\n>p1 move toxic\n>p2 move throatchop\n>p1 move shadowball\n>p2 move throatchop\n>p1 switch 3\n>p1 move rockslide\n>p2 switch 2\n>p1 move stealthrock\n>p2 move scald\n>p1 move rockslide\n>p2 move shadowball\n>p1 switch 5\n>p1 move wish\n>p2 switch 2\n>p1 move foulplay\n>p2 move closecombat\n>p1 switch 6\n>p1 move bodyslam\n>p2 move closecombat\n>p2 switch 3\n>p1 move bodyslam\n>p2 move hurricane\n>p1 move payback\n>p2 move hurricane\n>p1 switch 2\n>p1 move outrage dynamax\n>p2 move hurricane\n>p1 move closecombat dynamax\n>p2 move hurricane\n>p1 move outrage dynamax\n>p2 move hurricane\n>p2 switch 4\n>p1 move earthquake\n>p2 move poisonjab\n>p1 switch 4\n>p1 move swordsdance\n>p2 move earthquake\n>p1 move drainpunch\n>p2 move earthquake", "uploadtime": 1685315846, "views": 8, "p1id": "keanuvgc", "p2id": "mushroombutpokemon", "formatid": "gen8randombattle", "rating": 0, "private": 0, "password": ""}