{"id": "gen8randombattle-1872593828", "p1": "igz11", "p2": "Baconator2.0", "format": "[Gen 8] Random Battle", "log": "|j|\u2606igz11\n|j|\u2606Baconator2.0\n|t:|1685249314\n|gametype|singles\n|player|p1|igz11|170|1244\n|player|p2|Baconator2.0|pokemonranger-gen4|1053\n|teamsize|p1|6\n|teamsize|p2|6\n|gen|8\n|tier|[Gen 8] Random Battle\n|rated|\n|rule|Species Clause: Limit one of each Pok\u00e9mon\n|rule|HP Percentage Mod: HP is shown in percentages\n|rule|Sleep Clause Mod: Limit one foe put to sleep\n|\n|t:|1685249314\n|start\n|switch|p1a: Magearna|Magearna, L76|247/247\n|switch|p2a: Slowbro|Slowbro, L84, M|297/297\n|turn|1\n|c|\u2606Baconator2.0|:P\n|\n|t:|1685249329\n|switch|p1a: Drifblim|Drifblim, L84, M|389/389\n|move|p2a: Slowbro|Scald|p1a: Drifblim\n|-damage|p1a: Drifblim|269/389\n|-status|p1a: Drifblim|brn\n|\n|-damage|p1a: Drifblim|245/389 brn|[from] brn\n|upkeep\n|turn|2\n|\n|t:|1685249337\n|move|p1a: Drifblim|Shadow Ball|p2a: Slowbro\n|-supereffective|p2a: Slowbro\n|-damage|p2a: Slowbro|121/297\n|move|p2a: Slowbro|Ice Beam|p1a: Drifblim\n|-supereffective|p1a: Drifblim\n|-damage|p1a: Drifblim|51/389 brn\n|-enditem|p1a: Drifblim|Sitrus Berry|[eat]\n|-heal|p1a: Drifblim|148/389 brn|[from] item: Sitrus Berry\n|\n|-heal|p2a: Slowbro|139/297|[from] item: Leftovers\n|-damage|p1a: Drifblim|124/389 brn|[from] brn\n|upkeep\n|turn|3\n|\n|t:|1685249344\n|move|p1a: Drifblim|Shadow Ball|p2a: Slowbro\n|-supereffective|p2a: Slowbro\n|-damage|p2a: Slowbro|0 fnt\n|faint|p2a: Slowbro\n|\n|-damage|p1a: Drifblim|100/389 brn|[from] brn\n|upkeep\n|inactive|Battle timer is ON: inactive players will automatically lose when time's up. (requested by igz11)\n|\n|t:|1685249348\n|switch|p2a: Lanturn|Lanturn, L86, F|355/355\n|turn|4\n|\n|t:|1685249352\n|move|p1a: Drifblim|Shadow Ball|p2a: Lanturn\n|-damage|p2a: Lanturn|267/355\n|move|p2a: Lanturn|Thunderbolt|p1a: Drifblim\n|-supereffective|p1a: Drifblim\n|-damage|p1a: Drifblim|0 fnt\n|faint|p1a: Drifblim\n|\n|-heal|p2a: Lanturn|289/355|[from] item: Leftovers\n|upkeep\n|\n|t:|1685249356\n|switch|p1a: Excadrill|Excadrill, L78, M|300/300\n|turn|5\n|\n|t:|1685249361\n|move|p1a: Excadrill|Swords Dance|p1a: Excadrill\n|-boost|p1a: Excadrill|atk|2\n|move|p2a: Lanturn|Scald|p1a: Excadrill\n|-supereffective|p1a: Excadrill\n|-damage|p1a: Excadrill|96/300\n|\n|-heal|p2a: Lanturn|311/355|[from] item: Leftovers\n|upkeep\n|turn|6\n|\n|t:|1685249366\n|move|p1a: Excadrill|Earthquake|p2a: Lanturn\n|-supereffective|p2a: Lanturn\n|-damage|p2a: Lanturn|0 fnt\n|faint|p2a: Lanturn\n|-damage|p1a: Excadrill|66/300|[from] item: Life Orb\n|\n|upkeep\n|\n|t:|1685249372\n|switch|p2a: Stoutland|Stoutland, L86, M|286/286\n|-ability|p2a: Stoutland|Intimidate|boost\n|-unboost|p1a: Excadrill|atk|1\n|turn|7\n|\n|t:|1685249380\n|switch|p1a: Spectrier|Spectrier, L74|270/270\n|move|p2a: Stoutland|Superpower|p1a: Spectrier\n|-immune|p1a: Spectrier\n|\n|upkeep\n|turn|8\n|\n|t:|1685249387\n|switch|p2a: Heatran|Heatran, L78, F|270/270\n|move|p1a: Spectrier|Substitute|p1a: Spectrier\n|-start|p1a: Spectrier|Substitute\n|-damage|p1a: Spectrier|203/270\n|\n|-heal|p1a: Spectrier|219/270|[from] item: Leftovers\n|upkeep\n|turn|9\n|\n|t:|1685249392\n|move|p1a: Spectrier|Shadow Ball|p2a: Heatran\n|-damage|p2a: Heatran|192/270\n|move|p2a: Heatran|Lava Plume|p1a: Spectrier\n|-end|p1a: Spectrier|Substitute\n|\n|-heal|p1a: Spectrier|235/270|[from] item: Leftovers\n|-heal|p2a: Heatran|208/270|[from] item: Leftovers\n|upkeep\n|turn|10\n|\n|t:|1685249395\n|switch|p1a: Carracosta|Carracosta, L84, F|262/262\n|move|p2a: Heatran|Toxic|p1a: Carracosta\n|-status|p1a: Carracosta|tox\n|\n|-heal|p2a: Heatran|224/270|[from] item: Leftovers\n|-damage|p1a: Carracosta|246/262 tox|[from] psn\n|upkeep\n|turn|11\n|\n|t:|1685249404\n|switch|p2a: Stoutland|Stoutland, L86, M|286/286\n|-ability|p2a: Stoutland|Intimidate|boost\n|-unboost|p1a: Carracosta|atk|1\n|move|p1a: Carracosta|Shell Smash|p1a: Carracosta\n|-unboost|p1a: Carracosta|def|1\n|-unboost|p1a: Carracosta|spd|1\n|-boost|p1a: Carracosta|atk|2\n|-boost|p1a: Carracosta|spa|2\n|-boost|p1a: Carracosta|spe|2\n|\n|-damage|p1a: Carracosta|214/262 tox|[from] psn\n|upkeep\n|turn|12\n|\n|t:|1685249407\n|move|p2a: Stoutland|Superpower|p1a: Carracosta\n|-supereffective|p1a: Carracosta\n|-damage|p1a: Carracosta|57/262 tox\n|-unboost|p2a: Stoutland|atk|1\n|-unboost|p2a: Stoutland|def|1\n|-enditem|p1a: Carracosta|Weakness Policy\n|-boost|p1a: Carracosta|atk|2|[from] item: Weakness Policy\n|-boost|p1a: Carracosta|spa|2|[from] item: Weakness Policy\n|move|p1a: Carracosta|Hydro Pump|p2a: Stoutland|[miss]\n|-miss|p1a: Carracosta|p2a: Stoutland\n|\n|-damage|p1a: Carracosta|9/262 tox|[from] psn\n|upkeep\n|turn|13\n|\n|t:|1685249411\n|move|p1a: Carracosta|Aqua Jet|p2a: Stoutland\n|-damage|p2a: Stoutland|115/286\n|move|p2a: Stoutland|Superpower|p1a: Carracosta\n|-supereffective|p1a: Carracosta\n|-damage|p1a: Carracosta|0 fnt\n|-unboost|p2a: Stoutland|atk|1\n|-unboost|p2a: Stoutland|def|1\n|faint|p1a: Carracosta\n|\n|upkeep\n|\n|t:|1685249413\n|switch|p1a: Spectrier|Spectrier, L74|235/270\n|turn|14\n|\n|t:|1685249415\n|switch|p2a: Heatran|Heatran, L78, F|224/270\n|move|p1a: Spectrier|Substitute|p1a: Spectrier\n|-start|p1a: Spectrier|Substitute\n|-damage|p1a: Spectrier|168/270\n|\n|-heal|p1a: Spectrier|184/270|[from] item: Leftovers\n|-heal|p2a: Heatran|240/270|[from] item: Leftovers\n|upkeep\n|turn|15\n|\n|t:|1685249420\n|move|p1a: Spectrier|Shadow Ball|p2a: Heatran\n|-damage|p2a: Heatran|159/270\n|move|p2a: Heatran|Lava Plume|p1a: Spectrier\n|-end|p1a: Spectrier|Substitute\n|\n|-heal|p1a: Spectrier|200/270|[from] item: Leftovers\n|-heal|p2a: Heatran|175/270|[from] item: Leftovers\n|upkeep\n|turn|16\n|\n|t:|1685249423\n|move|p1a: Spectrier|Substitute|p1a: Spectrier\n|-start|p1a: Spectrier|Substitute\n|-damage|p1a: Spectrier|133/270\n|move|p2a: Heatran|Toxic||[still]\n|-fail|p2a: Heatran\n|\n|-heal|p1a: Spectrier|149/270|[from] item: Leftovers\n|-heal|p2a: Heatran|191/270|[from] item: Leftovers\n|upkeep\n|turn|17\n|\n|t:|1685249437\n|move|p1a: Spectrier|Shadow Ball|p2a: Heatran\n|-damage|p2a: Heatran|112/270\n|move|p2a: Heatran|Lava Plume|p1a: Spectrier\n|-end|p1a: Spectrier|Substitute\n|\n|-heal|p1a: Spectrier|165/270|[from] item: Leftovers\n|-heal|p2a: Heatran|128/270|[from] item: Leftovers\n|upkeep\n|turn|18\n|\n|t:|1685249442\n|switch|p1a: Cresselia|Cresselia, L80, F|323/323\n|move|p2a: Heatran|Lava Plume|p1a: Cresselia\n|-damage|p1a: Cresselia|251/323\n|\n|-heal|p1a: Cresselia|271/323|[from] item: Leftovers\n|-heal|p2a: Heatran|144/270|[from] item: Leftovers\n|upkeep\n|turn|19\n|inactive|igz11 has 120 seconds left.\n|\n|t:|1685249479\n|switch|p1a: Excadrill|Excadrill, L78, M|66/300\n|move|p2a: Heatran|Toxic|p1a: Excadrill|[miss]\n|-miss|p2a: Heatran|p1a: Excadrill\n|\n|-heal|p2a: Heatran|160/270|[from] item: Leftovers\n|upkeep\n|turn|20\n|\n|t:|1685249485\n|move|p1a: Excadrill|Earthquake|p2a: Heatran\n|-supereffective|p2a: Heatran\n|-damage|p2a: Heatran|0 fnt\n|faint|p2a: Heatran\n|-damage|p1a: Excadrill|36/300|[from] item: Life Orb\n|\n|upkeep\n|\n|t:|1685249487\n|switch|p2a: Salazzle|Salazzle, L82, F|246/246\n|turn|21\n|inactive|igz11 has 120 seconds left.\n|\n|t:|1685249526\n|move|p2a: Salazzle|Flamethrower|p1a: Excadrill\n|-supereffective|p1a: Excadrill\n|-damage|p1a: Excadrill|0 fnt\n|faint|p1a: Excadrill\n|\n|upkeep\n|\n|t:|1685249528\n|switch|p1a: Cresselia|Cresselia, L80, F|271/323\n|turn|22\n|\n|t:|1685249531\n|move|p2a: Salazzle|Substitute|p2a: Salazzle\n|-start|p2a: Salazzle|Substitute\n|-damage|p2a: Salazzle|185/246\n|move|p1a: Cresselia|Psyshock|p2a: Salazzle\n|-supereffective|p2a: Salazzle\n|-end|p2a: Salazzle|Substitute\n|\n|-heal|p2a: Salazzle|200/246|[from] item: Black Sludge\n|-heal|p1a: Cresselia|291/323|[from] item: Leftovers\n|upkeep\n|turn|23\n|\n|t:|1685249536\n|switch|p2a: Stoutland|Stoutland, L86, M|115/286\n|-ability|p2a: Stoutland|Intimidate|boost\n|-unboost|p1a: Cresselia|atk|1\n|move|p1a: Cresselia|Psyshock|p2a: Stoutland\n|-damage|p2a: Stoutland|52/286\n|\n|-heal|p1a: Cresselia|311/323|[from] item: Leftovers\n|upkeep\n|turn|24\n|\n|t:|1685249546\n|switch|p1a: Magearna|Magearna, L76|247/247\n|move|p2a: Stoutland|Play Rough|p1a: Magearna\n|-resisted|p1a: Magearna\n|-damage|p1a: Magearna|214/247\n|\n|-heal|p1a: Magearna|229/247|[from] item: Leftovers\n|upkeep\n|turn|25\n|\n|t:|1685249551\n|switch|p2a: Salazzle|Salazzle, L82, F|200/246\n|switch|p1a: Cresselia|Cresselia, L80, F|311/323\n|\n|-heal|p2a: Salazzle|215/246|[from] item: Black Sludge\n|-heal|p1a: Cresselia|323/323|[from] item: Leftovers\n|upkeep\n|turn|26\n|c|\u2606Baconator2.0|=-=\n|\n|t:|1685249567\n|switch|p2a: Stoutland|Stoutland, L86, M|52/286\n|-ability|p2a: Stoutland|Intimidate|boost\n|-unboost|p1a: Cresselia|atk|1\n|move|p1a: Cresselia|Psyshock|p2a: Stoutland\n|-damage|p2a: Stoutland|0 fnt\n|faint|p2a: Stoutland\n|\n|upkeep\n|\n|t:|1685249570\n|switch|p2a: Groudon|Groudon, L73|266/266\n|-weather|SunnyDay|[from] ability: Drought|[of] p2a: Groudon\n|turn|27\n|\n|t:|1685249577\n|move|p1a: Cresselia|Calm Mind|p1a: Cresselia\n|-boost|p1a: Cresselia|spa|1\n|-boost|p1a: Cresselia|spd|1\n|move|p2a: Groudon|Swords Dance|p2a: Groudon\n|-boost|p2a: Groudon|atk|2\n|\n|-weather|SunnyDay|[upkeep]\n|upkeep\n|turn|28\n|\n|t:|1685249587\n|-start|p1a: Cresselia|Dynamax|\n|-heal|p1a: Cresselia|646/646|[silent]\n|move|p1a: Cresselia|Max Mindstorm|p2a: Groudon\n|-damage|p2a: Groudon|97/266\n|-fieldstart|move: Psychic Terrain\n|move|p2a: Groudon|Heavy Slam||[still]\n|-fail|p2a: Groudon|Dynamax\n|\n|-weather|SunnyDay|[upkeep]\n|-heal|p2a: Groudon|113/266|[from] item: Leftovers\n|upkeep\n|turn|29\n|c|\u2606Baconator2.0|WTF\n|\n|t:|1685249608\n|move|p1a: Cresselia|Max Mindstorm|p2a: Groudon\n|-damage|p2a: Groudon|0 fnt\n|faint|p2a: Groudon\n|\n|-weather|SunnyDay|[upkeep]\n|upkeep\n|c|\u2606Baconator2.0|;-;\n|\n|t:|1685249614\n|switch|p2a: Salazzle|Salazzle, L82, F|215/246\n|turn|30\n|c|\u2606Baconator2.0|gg\n|\n|t:|1685249623\n|-start|p2a: Salazzle|Dynamax|\n|-heal|p2a: Salazzle|430/492|[silent]\n|move|p2a: Salazzle|Max Flare|p1a: Cresselia\n|-damage|p1a: Cresselia|526/646\n|move|p1a: Cresselia|Max Mindstorm|p2a: Salazzle\n|-supereffective|p2a: Salazzle\n|-damage|p2a: Salazzle|14/492\n|\n|-weather|SunnyDay|[upkeep]\n|-heal|p2a: Salazzle|29/492|[from] item: Black Sludge\n|-heal|p1a: Cresselia|546/646|[from] item: Leftovers\n|upkeep\n|-end|p1a: Cresselia|Dynamax\n|-heal|p1a: Cresselia|273/323|[silent]\n|turn|31\n|\n|t:|1685249629\n|move|p2a: Salazzle|Max Flare|p1a: Cresselia\n|-damage|p1a: Cresselia|170/323\n|move|p1a: Cresselia|Psyshock|p2a: Salazzle\n|-supereffective|p2a: Salazzle\n|-damage|p2a: Salazzle|0 fnt\n|faint|p2a: Salazzle\n|\n|win|igz11\n|raw|igz11's rating: 1244 &rarr; <strong>1256</strong><br />(+12 for winning)\n|raw|Baconator2.0's rating: 1053 &rarr; <strong>1044</strong><br />(-9 for losing)\n|c|\u2606Baconator2.0|wow\n|c|\u2606Baconator2.0|:P\n|l|\u2606igz11\n", "inputlog": ">version d74822bbc74c095aa312053f7034baee3068d99e\n>start {\"formatid\":\"gen8randombattle\",\"seed\":[42499,21635,22134,42807],\"rated\":\"Rated battle\"}\n>player p1 {\"name\":\"igz11\",\"avatar\":\"170\",\"rating\":1244,\"seed\":[21841,37074,5948,30531]}\n>player p2 {\"name\":\"Baconator2.0\",\"avatar\":\"pokemonranger-gen4\",\"rating\":1053,\"seed\":[15298,22997,16008,42683]}\n>chat \u2606Baconator2.0|:P\n>p1 switch 5\n>p2 move scald\n>p1 move shadowball\n>p2 move icebeam\n>p1 move shadowball\n>p2 move teleport\n>p2 switch 6\n>p1 move shadowball\n>p2 move thunderbolt\n>p1 switch 4\n>p1 move swordsdance\n>p2 move scald\n>p1 move earthquake\n>p2 move scald\n>p2 switch 2\n>p1 switch 2\n>p2 move superpower\n>p1 move substitute\n>p2 switch 4\n>p1 move shadowball\n>p2 move lavaplume\n>p1 switch 3\n>p2 move toxic\n>p1 move shellsmash\n>p2 switch 4\n>p1 move hydropump\n>p2 move superpower\n>p1 move aquajet\n>p2 move superpower\n>p1 switch 3\n>p1 move substitute\n>p2 switch 4\n>p1 move shadowball\n>p2 move lavaplume\n>p1 move substitute\n>p2 move toxic\n>p1 move shadowball\n>p2 move lavaplume\n>p1 switch 6\n>p2 move lavaplume\n>p1 switch 2\n>p2 move toxic\n>p1 move earthquake\n>p2 move lavaplume\n>p2 switch 5\n>p1 move earthquake\n>p2 move flamethrower\n>p1 switch 2\n>p1 move psyshock\n>p2 move substitute\n>p1 move psyshock\n>p2 switch 4\n>p1 switch 5\n>p2 move playrough\n>p1 switch 5\n>p2 switch 4\n>chat \u2606Baconator2.0|=-=\n>p1 move psyshock\n>p2 switch 4\n>p2 switch 3\n>p1 move calmmind\n>p2 move swordsdance\n>p1 move psyshock dynamax\n>p2 move heavyslam\n>chat \u2606Baconator2.0|WTF\n>p1 move psyshock dynamax\n>p2 move stoneedge\n>chat \u2606Baconator2.0|;-;\n>p2 switch 4\n>chat \u2606Baconator2.0|gg\n>p1 move psyshock dynamax\n>p2 move flamethrower dynamax\n>p1 move psyshock\n>p2 move flamethrower dynamax", "uploadtime": 1685249999, "views": 3, "p1id": "igz11", "p2id": "baconator20", "formatid": "gen8randombattle", "rating": 1044, "private": 0, "password": ""}