|j|☆Amaranth
|j|☆MitchTEM
|t:|1685367683
|gametype|singles
|player|p1|Amaranth|#amaranth|
|player|p2|MitchTEM|hop-masters|
|teamsize|p1|6
|teamsize|p2|6
|gen|8
|tier|[Gen 8] Random Battle
|rule|Species Clause: Limit one of each Pokémon
|rule|HP Percentage Mod: HP is shown in percentages
|rule|Sleep Clause Mod: Limit one foe put to sleep
|
|t:|1685367683
|start
|switch|p1a: Dragalge|Dragalge, L86, F|252/252
|switch|p2a: Qwilfish|Qwilfish, L84, M|246/246
|-ability|p2a: Qwilfish|Intimidate|boost
|-unboost|p1a: Dragalge|atk|1
|turn|1
|inactive|Battle timer is ON: inactive players will automatically lose when time's up. (requested by MitchTEM)
|c|☆Amaranth|hf
|c|☆MitchTEM|you too
|inactive|Amaranth has 270 seconds left.
|
|t:|1685367721
|move|p2a: Qwilfish|Spikes|p1a: Dragalge
|-sidestart|p1: Amaranth|Spikes
|move|p1a: Dragalge|Draco Meteor|p2a: Qwilfish
|-enditem|p2a: Qwilfish|Focus Sash
|-damage|p2a: Qwilfish|1/246
|-unboost|p1a: Dragalge|spa|2
|
|upkeep
|turn|2
|
|t:|1685367726
|move|p2a: Qwilfish|Destiny Bond|p2a: Qwilfish
|-singlemove|p2a: Qwilfish|Destiny Bond
|move|p1a: Dragalge|Sludge Wave|p2a: Qwilfish
|-resisted|p2a: Qwilfish
|-damage|p2a: Qwilfish|0 fnt
|faint|p2a: Qwilfish
|-activate|p2a: Qwilfish|move: Destiny Bond
|faint|p1a: Dragalge
|
|upkeep
|
|t:|1685367742
|switch|p2a: Zeraora|Zeraora, L76|259/259
|switch|p1a: Swampert|Swampert, L80, F|291/291
|-damage|p1a: Swampert|255/291|[from] Spikes
|turn|3
|
|t:|1685367759
|switch|p2a: Drifblim|Drifblim, L84, M|389/389
|move|p1a: Swampert|Protect||[still]
|-fail|p1a: Swampert
|
|-heal|p1a: Swampert|273/291|[from] item: Leftovers
|upkeep
|turn|4
|
|t:|1685367769
|move|p2a: Drifblim|Strength Sap|p1a: Swampert
|-unboost|p1a: Swampert|atk|1
|move|p1a: Swampert|Toxic|p2a: Drifblim|[miss]
|-miss|p1a: Swampert|p2a: Drifblim
|
|-heal|p1a: Swampert|291/291|[from] item: Leftovers
|upkeep
|turn|5
|
|t:|1685367778
|move|p2a: Drifblim|Calm Mind|p2a: Drifblim
|-boost|p2a: Drifblim|spa|1
|-boost|p2a: Drifblim|spd|1
|move|p1a: Swampert|Toxic|p2a: Drifblim
|-status|p2a: Drifblim|tox
|
|-damage|p2a: Drifblim|365/389 tox|[from] psn
|upkeep
|turn|6
|
|t:|1685367791
|switch|p1a: Greedent|Greedent, L84, F|339/339
|-damage|p1a: Greedent|297/339|[from] Spikes
|move|p2a: Drifblim|Calm Mind|p2a: Drifblim
|-boost|p2a: Drifblim|spa|1
|-boost|p2a: Drifblim|spd|1
|
|-damage|p2a: Drifblim|317/389 tox|[from] psn
|upkeep
|turn|7
|
|t:|1685367800
|move|p2a: Drifblim|Thunderbolt|p1a: Greedent
|-damage|p1a: Greedent|165/339
|-enditem|p1a: Greedent|Sitrus Berry|[eat]
|-heal|p1a: Greedent|249/339|[from] item: Sitrus Berry
|-heal|p1a: Greedent|339/339|[from] ability: Cheek Pouch
|move|p1a: Greedent|Payback|p2a: Drifblim
|-supereffective|p2a: Drifblim
|-damage|p2a: Drifblim|107/389 tox
|-enditem|p2a: Drifblim|Sitrus Berry|[eat]
|-heal|p2a: Drifblim|204/389 tox|[from] item: Sitrus Berry
|
|-damage|p2a: Drifblim|132/389 tox|[from] psn
|upkeep
|turn|8
|
|t:|1685367814
|move|p2a: Drifblim|Thunderbolt|p1a: Greedent
|-damage|p1a: Greedent|212/339
|move|p1a: Greedent|Payback|p2a: Drifblim
|-supereffective|p2a: Drifblim
|-damage|p2a: Drifblim|0 fnt
|faint|p2a: Drifblim
|
|upkeep
|
|t:|1685367822
|switch|p2a: Zarude|Zarude, L78|292/292
|turn|9
|
|t:|1685367844
|move|p2a: Zarude|Bulk Up|p2a: Zarude
|-boost|p2a: Zarude|atk|1
|-boost|p2a: Zarude|def|1
|move|p1a: Greedent|Body Slam|p2a: Zarude
|-damage|p2a: Zarude|235/292
|
|-heal|p2a: Zarude|253/292|[from] item: Leftovers
|upkeep
|turn|10
|
|t:|1685367855
|-start|p2a: Zarude|Dynamax|
|-heal|p2a: Zarude|506/584|[silent]
|move|p2a: Zarude|Max Overgrowth|p1a: Greedent
|-damage|p1a: Greedent|7/339
|-fieldstart|move: Grassy Terrain
|move|p1a: Greedent|Body Slam|p2a: Zarude
|-damage|p2a: Zarude|449/584
|
|-heal|p2a: Zarude|467/584|[from] Grassy Terrain
|-heal|p2a: Zarude|485/584|[from] item: Leftovers
|-heal|p1a: Greedent|28/339|[from] Grassy Terrain
|upkeep
|turn|11
|
|t:|1685367863
|move|p2a: Zarude|Max Overgrowth|p1a: Greedent
|-crit|p1a: Greedent
|-damage|p1a: Greedent|0 fnt
|faint|p1a: Greedent
|
|-heal|p2a: Zarude|503/584|[from] Grassy Terrain
|-heal|p2a: Zarude|521/584|[from] item: Leftovers
|upkeep
|inactive|Amaranth has 270 seconds left.
|
|t:|1685367889
|switch|p1a: Toxicroak|Toxicroak, L84, M|277/277
|-damage|p1a: Toxicroak|243/277|[from] Spikes
|turn|12
|inactive|Amaranth has 270 seconds left.
|
|t:|1685367914
|-start|p1a: Toxicroak|Dynamax|
|-heal|p1a: Toxicroak|486/554|[silent]
|move|p1a: Toxicroak|Max Guard|p1a: Toxicroak
|-singleturn|p1a: Toxicroak|Max Guard
|move|p2a: Zarude|Max Overgrowth|p1a: Toxicroak
|-activate|p1a: Toxicroak|move: Max Guard
|
|-heal|p2a: Zarude|539/584|[from] Grassy Terrain
|-heal|p2a: Zarude|557/584|[from] item: Leftovers
|-heal|p1a: Toxicroak|503/554|[from] Grassy Terrain
|upkeep
|-end|p2a: Zarude|Dynamax
|-heal|p2a: Zarude|279/292|[silent]
|turn|13
|
|t:|1685367929
|move|p2a: Zarude|Power Whip|p1a: Toxicroak
|-resisted|p1a: Toxicroak
|-damage|p1a: Toxicroak|336/554
|move|p1a: Toxicroak|Max Knuckle|p2a: Zarude
|-supereffective|p2a: Zarude
|-damage|p2a: Zarude|123/292
|-boost|p1a: Toxicroak|atk|1
|-damage|p1a: Toxicroak|309/554|[from] item: Life Orb
|
|-heal|p2a: Zarude|141/292|[from] Grassy Terrain
|-heal|p2a: Zarude|159/292|[from] item: Leftovers
|-heal|p1a: Toxicroak|326/554|[from] Grassy Terrain
|upkeep
|turn|14
|inactive|Amaranth has 270 seconds left.
|
|t:|1685367940
|move|p2a: Zarude|Power Whip|p1a: Toxicroak
|-resisted|p1a: Toxicroak
|-damage|p1a: Toxicroak|168/554
|move|p1a: Toxicroak|Max Knuckle|p2a: Zarude
|-supereffective|p2a: Zarude
|-damage|p2a: Zarude|0 fnt
|-boost|p1a: Toxicroak|atk|1
|faint|p2a: Zarude
|-damage|p1a: Toxicroak|141/554|[from] item: Life Orb
|
|-heal|p1a: Toxicroak|158/554|[from] Grassy Terrain
|-fieldend|move: Grassy Terrain
|upkeep
|
|t:|1685367946
|switch|p2a: Zeraora|Zeraora, L76|259/259
|-end|p1a: Toxicroak|Dynamax
|-heal|p1a: Toxicroak|79/277|[silent]
|turn|15
|
|t:|1685367951
|switch|p1a: Swampert|Swampert, L80, F|291/291
|-damage|p1a: Swampert|255/291|[from] Spikes
|move|p2a: Zeraora|Plasma Fists|p1a: Swampert
|-immune|p1a: Swampert
|
|-heal|p1a: Swampert|273/291|[from] item: Leftovers
|upkeep
|turn|16
|
|t:|1685367956
|switch|p2a: Sawk|Sawk, L86, M|269/269
|-ability|p2a: Sawk|Mold Breaker
|move|p1a: Swampert|Toxic|p2a: Sawk
|-status|p2a: Sawk|tox
|
|-heal|p1a: Swampert|291/291|[from] item: Leftovers
|-damage|p2a: Sawk|253/269 tox|[from] psn
|upkeep
|turn|17
|
|t:|1685367980
|switch|p1a: Toxicroak|Toxicroak, L84, M|79/277
|-damage|p1a: Toxicroak|45/277|[from] Spikes
|move|p2a: Sawk|Close Combat|p1a: Toxicroak
|-resisted|p1a: Toxicroak
|-damage|p1a: Toxicroak|0 fnt
|-unboost|p2a: Sawk|def|1
|-unboost|p2a: Sawk|spd|1
|faint|p1a: Toxicroak
|-damage|p2a: Sawk|227/269 tox|[from] item: Life Orb
|
|-damage|p2a: Sawk|195/269 tox|[from] psn
|upkeep
|inactive|Amaranth has 270 seconds left.
|
|t:|1685368008
|switch|p1a: Necrozma|Necrozma-Dusk-Mane, L67|241/241
|-damage|p1a: Necrozma|211/241|[from] Spikes
|turn|18
|
|t:|1685368013
|move|p2a: Sawk|Close Combat|p1a: Necrozma
|-damage|p1a: Necrozma|0 fnt
|-unboost|p2a: Sawk|def|1
|-unboost|p2a: Sawk|spd|1
|faint|p1a: Necrozma
|-damage|p2a: Sawk|169/269 tox|[from] item: Life Orb
|
|-damage|p2a: Sawk|121/269 tox|[from] psn
|upkeep
|inactive|Amaranth has 270 seconds left.
|
|t:|1685368029
|switch|p1a: Cresselia|Cresselia, L80, F|323/323
|turn|19
|
|t:|1685368036
|move|p2a: Sawk|Knock Off|p1a: Cresselia
|-supereffective|p1a: Cresselia
|-damage|p1a: Cresselia|149/323
|-enditem|p1a: Cresselia|Leftovers|[from] move: Knock Off|[of] p2a: Sawk
|-damage|p2a: Sawk|95/269 tox|[from] item: Life Orb
|move|p1a: Cresselia|Calm Mind|p1a: Cresselia
|-boost|p1a: Cresselia|spa|1
|-boost|p1a: Cresselia|spd|1
|
|-damage|p2a: Sawk|31/269 tox|[from] psn
|upkeep
|turn|20
|
|t:|1685368043
|move|p2a: Sawk|Close Combat|p1a: Cresselia
|-resisted|p1a: Cresselia
|-damage|p1a: Cresselia|66/323
|-unboost|p2a: Sawk|def|1
|-unboost|p2a: Sawk|spd|1
|-damage|p2a: Sawk|5/269 tox|[from] item: Life Orb
|move|p1a: Cresselia|Moonlight|p1a: Cresselia
|-heal|p1a: Cresselia|227/323
|
|-damage|p2a: Sawk|0 fnt|[from] psn
|faint|p2a: Sawk
|upkeep
|
|t:|1685368053
|switch|p2a: Omastar|Omastar, L82, M|249/249
|turn|21
|
|t:|1685368069
|move|p1a: Cresselia|Calm Mind|p1a: Cresselia
|-boost|p1a: Cresselia|spa|1
|-boost|p1a: Cresselia|spd|1
|move|p2a: Omastar|Shell Smash|p2a: Omastar
|-unboost|p2a: Omastar|def|1
|-unboost|p2a: Omastar|spd|1
|-boost|p2a: Omastar|atk|2
|-boost|p2a: Omastar|spa|2
|-boost|p2a: Omastar|spe|2
|-enditem|p2a: Omastar|White Herb
|-clearnegativeboost|p2a: Omastar|[silent]
|
|upkeep
|turn|22
|inactive|Amaranth has 270 seconds left.
|
|t:|1685368090
|move|p2a: Omastar|Hydro Pump|p1a: Cresselia
|-damage|p1a: Cresselia|133/323
|move|p1a: Cresselia|Moonblast|p2a: Omastar
|-damage|p2a: Omastar|125/249
|-unboost|p2a: Omastar|spa|1
|
|upkeep
|turn|23
|
|t:|1685368097
|move|p2a: Omastar|Hydro Pump|p1a: Cresselia
|-damage|p1a: Cresselia|54/323
|move|p1a: Cresselia|Moonlight|p1a: Cresselia
|-heal|p1a: Cresselia|215/323
|
|upkeep
|turn|24
|
|t:|1685368107
|move|p2a: Omastar|Hydro Pump|p1a: Cresselia
|-damage|p1a: Cresselia|140/323
|move|p1a: Cresselia|Moonlight|p1a: Cresselia
|-heal|p1a: Cresselia|301/323
|
|upkeep
|turn|25
|
|t:|1685368112
|move|p2a: Omastar|Hydro Pump|p1a: Cresselia
|-damage|p1a: Cresselia|231/323
|move|p1a: Cresselia|Calm Mind|p1a: Cresselia
|-boost|p1a: Cresselia|spa|1
|-boost|p1a: Cresselia|spd|1
|
|upkeep
|turn|26
|
|t:|1685368115
|move|p2a: Omastar|Hydro Pump|p1a: Cresselia
|-damage|p1a: Cresselia|167/323
|move|p1a: Cresselia|Moonlight|p1a: Cresselia
|-heal|p1a: Cresselia|323/323
|
|upkeep
|turn|27
|
|t:|1685368119
|move|p2a: Omastar|Ice Beam|p1a: Cresselia
|-damage|p1a: Cresselia|288/323
|move|p1a: Cresselia|Moonblast|p2a: Omastar
|-damage|p2a: Omastar|0 fnt
|faint|p2a: Omastar
|
|upkeep
|
|t:|1685368123
|switch|p2a: Zeraora|Zeraora, L76|259/259
|turn|28
|
|t:|1685368131
|move|p2a: Zeraora|Plasma Fists|p1a: Cresselia
|-damage|p1a: Cresselia|213/323
|-fieldactivate|move: Ion Deluge
|-hint|Normal-type moves become Electric-type after using Plasma Fists.
|move|p1a: Cresselia|Psyshock|p2a: Zeraora
|-damage|p2a: Zeraora|51/259
|
|upkeep
|turn|29
|
|t:|1685368137
|move|p2a: Zeraora|Plasma Fists|p1a: Cresselia
|-damage|p1a: Cresselia|134/323
|-fieldactivate|move: Ion Deluge
|-hint|Normal-type moves become Electric-type after using Plasma Fists.
|move|p1a: Cresselia|Psyshock|p2a: Zeraora
|-damage|p2a: Zeraora|0 fnt
|faint|p2a: Zeraora
|
|win|Amaranth
|c|☆Amaranth|gg
|c|☆MitchTEM|gg
