|j|☆Vitoran
|j|☆Sylveon is so cute
|t:|1664041607
|gametype|singles
|player|p1|Vitoran|pokemonbreeder-gen4|2412
|player|p2|Sylveon is so cute|anthea|2427
|teamsize|p1|6
|teamsize|p2|6
|gen|8
|tier|[Gen 8] Random Battle
|rated|
|rule|Species Clause: Limit one of each Pokémon
|rule|HP Percentage Mod: HP is shown in percentages
|rule|Sleep Clause Mod: Limit one foe put to sleep
|
|t:|1664041607
|start
|switch|p1a: Weavile|Weavile, L79, M|240/240
|switch|p2a: Froslass|Froslass, L84, F|255/255
|turn|1
|inactive|Battle timer is ON: inactive players will automatically lose when time's up. (requested by Sylveon is so cute)
|c|☆Vitoran|glhf
|c|☆Sylveon is so cute|hf
|inactive|Vitoran has 120 seconds left.
|
|t:|1664041638
|switch|p2a: Alcremie|Alcremie, L86, F|252/252
|move|p1a: Weavile|Knock Off|p2a: Alcremie
|-resisted|p2a: Alcremie
|-crit|p2a: Alcremie
|-damage|p2a: Alcremie|157/252
|-enditem|p2a: Alcremie|Leftovers|[from] move: Knock Off|[of] p1a: Weavile
|
|upkeep
|turn|2
|
|t:|1664041649
|move|p1a: Weavile|Swords Dance|p1a: Weavile
|-boost|p1a: Weavile|atk|2
|move|p2a: Alcremie|Recover|p2a: Alcremie
|-heal|p2a: Alcremie|252/252
|
|upkeep
|turn|3
|
|t:|1664041653
|-start|p2a: Alcremie|Dynamax|Gmax
|-heal|p2a: Alcremie|504/504|[silent]
|move|p1a: Weavile|Triple Axel|p2a: Alcremie
|-damage|p2a: Alcremie|455/504
|-hitcount|p2a: Alcremie|1
|move|p2a: Alcremie|G-Max Finale|p1a: Weavile
|-supereffective|p1a: Weavile
|-crit|p1a: Weavile
|-damage|p1a: Weavile|0 fnt
|-heal|p2a: Alcremie|504/504
|faint|p1a: Weavile
|
|upkeep
|
|t:|1664041671
|switch|p1a: Arcanine|Arcanine, L82, M|282/282
|-ability|p1a: Arcanine|Intimidate|boost
|-unboost|p2a: Alcremie|atk|1
|turn|4
|
|t:|1664041698
|move|p1a: Arcanine|Will-O-Wisp|p2a: Alcremie
|-status|p2a: Alcremie|brn
|move|p2a: Alcremie|G-Max Finale|p1a: Arcanine
|-resisted|p1a: Arcanine
|-damage|p1a: Arcanine|193/282
|
|-damage|p2a: Alcremie|489/504 brn|[from] brn
|upkeep
|turn|5
|
|t:|1664041708
|-end|p2a: Alcremie|Dynamax
|-heal|p2a: Alcremie|245/252 brn|[silent]
|switch|p2a: Mandibuzz|Mandibuzz, L82, F|315/315
|move|p1a: Arcanine|Morning Sun|p1a: Arcanine
|-heal|p1a: Arcanine|282/282
|
|upkeep
|turn|6
|
|t:|1664041717
|switch|p1a: Heracross|Heracross, L82, M|265/265
|move|p2a: Mandibuzz|Toxic|p1a: Heracross
|-status|p1a: Heracross|tox
|
|-damage|p1a: Heracross|249/265 tox|[from] psn
|upkeep
|turn|7
|
|t:|1664041722
|move|p1a: Heracross|Close Combat|p2a: Mandibuzz
|-damage|p2a: Mandibuzz|102/315
|-unboost|p1a: Heracross|def|1
|-unboost|p1a: Heracross|spd|1
|move|p2a: Mandibuzz|Brave Bird|p1a: Heracross
|-supereffective|p1a: Heracross
|-damage|p1a: Heracross|0 fnt
|faint|p1a: Heracross
|-damage|p2a: Mandibuzz|20/315|[from] Recoil
|
|upkeep
|
|t:|1664041728
|switch|p1a: Arcanine|Arcanine, L82, M|282/282
|-ability|p1a: Arcanine|Intimidate|boost
|-unboost|p2a: Mandibuzz|atk|1
|turn|8
|
|t:|1664041749
|switch|p2a: Bewear|Bewear, L82, M|331/331
|move|p1a: Arcanine|Flare Blitz|p2a: Bewear
|-damage|p2a: Bewear|189/331
|-status|p2a: Bewear|brn
|-damage|p1a: Arcanine|235/282|[from] Recoil
|
|-damage|p2a: Bewear|169/331 brn|[from] brn
|upkeep
|turn|9
|
|t:|1664041759
|switch|p1a: Pinsir|Pinsir, L84, M|246/246
|-ability|p1a: Pinsir|Mold Breaker
|move|p2a: Bewear|Swords Dance|p2a: Bewear
|-boost|p2a: Bewear|atk|2
|
|-damage|p2a: Bewear|149/331 brn|[from] brn
|upkeep
|turn|10
|
|t:|1664041765
|switch|p2a: Froslass|Froslass, L84, F|255/255
|move|p1a: Pinsir|Stealth Rock|p2a: Froslass
|-sidestart|p2: Sylveon is so cute|move: Stealth Rock
|
|upkeep
|turn|11
|
|t:|1664041770
|move|p2a: Froslass|Spikes|p1a: Pinsir
|-sidestart|p1: Vitoran|Spikes
|move|p1a: Pinsir|Knock Off|p2a: Froslass
|-supereffective|p2a: Froslass
|-damage|p2a: Froslass|45/255
|-enditem|p2a: Froslass|Wide Lens|[from] move: Knock Off|[of] p1a: Pinsir
|
|upkeep
|turn|12
|
|t:|1664041774
|move|p2a: Froslass|Spikes|p1a: Pinsir
|-sidestart|p1: Vitoran|Spikes
|move|p1a: Pinsir|Knock Off|p2a: Froslass
|-supereffective|p2a: Froslass
|-crit|p2a: Froslass
|-damage|p2a: Froslass|0 fnt
|faint|p2a: Froslass
|
|upkeep
|
|t:|1664041780
|switch|p2a: Articuno|Articuno-Galar, L80|275/275
|turn|13
|
|t:|1664041790
|move|p2a: Articuno|Air Slash|p1a: Pinsir
|-supereffective|p1a: Pinsir
|-damage|p1a: Pinsir|28/246
|move|p1a: Pinsir|Knock Off|p2a: Articuno
|-supereffective|p2a: Articuno
|-damage|p2a: Articuno|89/275
|-enditem|p2a: Articuno|Heavy-Duty Boots|[from] move: Knock Off|[of] p1a: Pinsir
|
|upkeep
|turn|14
|
|t:|1664041794
|move|p2a: Articuno|Recover|p2a: Articuno
|-heal|p2a: Articuno|227/275
|move|p1a: Pinsir|X-Scissor|p2a: Articuno
|-damage|p2a: Articuno|115/275
|
|upkeep
|turn|15
|inactive|Vitoran has 120 seconds left.
|
|t:|1664041827
|move|p2a: Articuno|Recover|p2a: Articuno
|-heal|p2a: Articuno|253/275
|move|p1a: Pinsir|Knock Off|p2a: Articuno
|-supereffective|p2a: Articuno
|-crit|p2a: Articuno
|-damage|p2a: Articuno|71/275
|
|upkeep
|turn|16
|
|t:|1664041840
|move|p2a: Articuno|Recover|p2a: Articuno
|-heal|p2a: Articuno|209/275
|move|p1a: Pinsir|Knock Off|p2a: Articuno
|-supereffective|p2a: Articuno
|-damage|p2a: Articuno|97/275
|
|upkeep
|turn|17
|
|t:|1664041852
|move|p2a: Articuno|Recover|p2a: Articuno
|-heal|p2a: Articuno|235/275
|move|p1a: Pinsir|Knock Off|p2a: Articuno
|-supereffective|p2a: Articuno
|-damage|p2a: Articuno|103/275
|
|upkeep
|turn|18
|
|t:|1664041854
|move|p2a: Articuno|Recover|p2a: Articuno
|-heal|p2a: Articuno|241/275
|move|p1a: Pinsir|Knock Off|p2a: Articuno
|-supereffective|p2a: Articuno
|-damage|p2a: Articuno|113/275
|
|upkeep
|turn|19
|
|t:|1664041857
|move|p2a: Articuno|Recover|p2a: Articuno
|-heal|p2a: Articuno|251/275
|move|p1a: Pinsir|Knock Off|p2a: Articuno
|-supereffective|p2a: Articuno
|-damage|p2a: Articuno|135/275
|
|upkeep
|turn|20
|
|t:|1664041859
|move|p2a: Articuno|Recover|p2a: Articuno
|-heal|p2a: Articuno|273/275
|move|p1a: Pinsir|Knock Off|p2a: Articuno
|-supereffective|p2a: Articuno
|-damage|p2a: Articuno|153/275
|
|upkeep
|turn|21
|
|t:|1664041862
|move|p2a: Articuno|Recover|p2a: Articuno
|-heal|p2a: Articuno|275/275
|move|p1a: Pinsir|Knock Off|p2a: Articuno
|-supereffective|p2a: Articuno
|-damage|p2a: Articuno|151/275
|
|upkeep
|turn|22
|
|t:|1664041863
|move|p2a: Articuno|Recover|p2a: Articuno
|-heal|p2a: Articuno|275/275
|move|p1a: Pinsir|Knock Off|p2a: Articuno
|-supereffective|p2a: Articuno
|-damage|p2a: Articuno|143/275
|
|upkeep
|turn|23
|
|t:|1664041866
|move|p2a: Articuno|Recover|p2a: Articuno
|-heal|p2a: Articuno|275/275
|move|p1a: Pinsir|Knock Off|p2a: Articuno
|-supereffective|p2a: Articuno
|-damage|p2a: Articuno|145/275
|
|upkeep
|turn|24
|
|t:|1664041868
|move|p2a: Articuno|Recover|p2a: Articuno
|-heal|p2a: Articuno|275/275
|move|p1a: Pinsir|Knock Off|p2a: Articuno
|-supereffective|p2a: Articuno
|-damage|p2a: Articuno|159/275
|
|upkeep
|turn|25
|
|t:|1664041871
|move|p2a: Articuno|Freezing Glare|p1a: Pinsir
|-damage|p1a: Pinsir|0 fnt
|faint|p1a: Pinsir
|
|upkeep
|inactive|Vitoran has 120 seconds left.
|
|t:|1664041902
|switch|p1a: Arcanine|Arcanine, L82, M|235/282
|-ability|p1a: Arcanine|Intimidate|boost
|-unboost|p2a: Articuno|atk|1
|-ability|p2a: Articuno|Competitive
|-boost|p2a: Articuno|spa|2
|turn|26
|
|t:|1664041906
|-start|p1a: Arcanine|Dynamax|
|-heal|p1a: Arcanine|470/564|[silent]
|move|p1a: Arcanine|Max Flare|p2a: Articuno
|-damage|p2a: Articuno|0 fnt
|-weather|SunnyDay
|faint|p2a: Articuno
|
|-weather|SunnyDay|[upkeep]
|upkeep
|
|t:|1664041917
|switch|p2a: Bewear|Bewear, L82, M|149/331 brn
|-damage|p2a: Bewear|129/331 brn|[from] Stealth Rock
|turn|27
|
|t:|1664041919
|move|p1a: Arcanine|Max Flare|p2a: Bewear
|-damage|p2a: Bewear|0 fnt
|faint|p2a: Bewear
|
|-weather|SunnyDay|[upkeep]
|upkeep
|
|t:|1664041920
|switch|p2a: Mandibuzz|Mandibuzz, L82, F|20/315
|turn|28
|
|t:|1664041925
|move|p1a: Arcanine|Max Flare|p2a: Mandibuzz
|-damage|p2a: Mandibuzz|0 fnt
|faint|p2a: Mandibuzz
|
|-weather|SunnyDay|[upkeep]
|upkeep
|
|t:|1664041927
|switch|p2a: Alcremie|Alcremie, L86, F|245/252 brn
|-damage|p2a: Alcremie|214/252 brn|[from] Stealth Rock
|-end|p1a: Arcanine|Dynamax
|-heal|p1a: Arcanine|235/282|[silent]
|turn|29
|
|t:|1664041930
|move|p1a: Arcanine|Flare Blitz|p2a: Alcremie
|-damage|p2a: Alcremie|0 fnt
|faint|p2a: Alcremie
|-damage|p1a: Arcanine|164/282|[from] Recoil
|
|-weather|SunnyDay|[upkeep]
|upkeep
|-message|Sylveon is so cute forfeited.
|
|win|Vitoran
|raw|Vitoran's rating: 2412 &rarr; <strong>2433</strong><br />(+21 for winning)
|raw|Sylveon is so cute's rating: 2435 &rarr; <strong>2414</strong><br />(-21 for losing)
|l|☆Sylveon is so cute
|c|☆Vitoran|gg
||Ladder isn't responding, score probably updated but might not have (Request timeout).
