|j|☆swaggydog26
|j|☆Jrkhan18
|t:|1685413521
|gametype|singles
|player|p1|swaggydog26|cynthia-gen4|
|player|p2|Jrkhan18|caitlin|
|teamsize|p1|6
|teamsize|p2|6
|gen|8
|tier|[Gen 8] Random Battle
|rule|Species Clause: Limit one of each Pokémon
|rule|HP Percentage Mod: HP is shown in percentages
|rule|Sleep Clause Mod: Limit one foe put to sleep
|
|t:|1685413521
|start
|switch|p1a: Tapu Bulu|Tapu Bulu, L82|249/249
|switch|p2a: Volcanion|Volcanion, L80|259/259
|-fieldstart|move: Grassy Terrain|[from] ability: Grassy Surge|[of] p1a: Tapu Bulu
|turn|1
|inactive|Battle timer is ON: inactive players will automatically lose when time's up. (requested by Jrkhan18)
|inactive|swaggydog26 has 270 seconds left.
|
|t:|1685413572
|switch|p1a: Toxapex|Toxapex, L82, F|216/216
|move|p2a: Volcanion|Steam Eruption|p1a: Toxapex
|-resisted|p1a: Toxapex
|-damage|p1a: Toxapex|167/216
|
|-heal|p1a: Toxapex|180/216|[from] Grassy Terrain
|-heal|p1a: Toxapex|193/216|[from] item: Black Sludge
|upkeep
|turn|2
|
|t:|1685413587
|switch|p2a: Galvantula|Galvantula, L82, F|249/249
|move|p1a: Toxapex|Toxic|p2a: Galvantula
|-status|p2a: Galvantula|tox
|
|-heal|p1a: Toxapex|206/216|[from] Grassy Terrain
|-heal|p1a: Toxapex|216/216|[from] item: Black Sludge
|-damage|p2a: Galvantula|234/249 tox|[from] psn
|upkeep
|turn|3
|
|t:|1685413605
|move|p1a: Toxapex|Baneful Bunker|p1a: Toxapex
|-singleturn|p1a: Toxapex|move: Protect
|move|p2a: Galvantula|Sticky Web|p1a: Toxapex
|-sidestart|p1: swaggydog26|move: Sticky Web
|
|-heal|p2a: Galvantula|249/249 tox|[from] Grassy Terrain
|-damage|p2a: Galvantula|219/249 tox|[from] psn
|upkeep
|turn|4
|
|t:|1685413627
|switch|p1a: Ho-Oh|Ho-Oh, L72|272/272
|move|p2a: Galvantula|Thunder|p1a: Ho-Oh
|-supereffective|p1a: Ho-Oh
|-damage|p1a: Ho-Oh|92/272
|
|-heal|p2a: Galvantula|234/249 tox|[from] Grassy Terrain
|-damage|p2a: Galvantula|189/249 tox|[from] psn
|upkeep
|turn|5
|
|t:|1685413636
|move|p2a: Galvantula|Volt Switch|p1a: Ho-Oh
|-supereffective|p1a: Ho-Oh
|-damage|p1a: Ho-Oh|0 fnt
|faint|p1a: Ho-Oh
|
|t:|1685413640
|switch|p2a: Volcanion|Volcanion, L80|259/259|[from] Volt Switch
|
|-fieldend|move: Grassy Terrain
|upkeep
|
|t:|1685413644
|switch|p1a: Hitmontop|Hitmontop, L85, M|224/224
|-activate|p1a: Hitmontop|move: Sticky Web
|-unboost|p1a: Hitmontop|spe|1
|-ability|p1a: Hitmontop|Intimidate|boost
|-unboost|p2a: Volcanion|atk|1
|turn|6
|
|t:|1685413656
|switch|p2a: Mimikyu|Mimikyu, L76, M|209/209
|move|p1a: Hitmontop|Rapid Spin|p2a: Mimikyu
|-immune|p2a: Mimikyu
|
|upkeep
|turn|7
|
|t:|1685413674
|move|p2a: Mimikyu|Swords Dance|p2a: Mimikyu
|-boost|p2a: Mimikyu|atk|2
|move|p1a: Hitmontop|Toxic|p2a: Mimikyu
|-status|p2a: Mimikyu|tox
|
|-damage|p2a: Mimikyu|196/209 tox|[from] psn
|upkeep
|turn|8
|inactive|swaggydog26 has 270 seconds left.
|
|t:|1685413711
|switch|p1a: Toxapex|Toxapex, L82, F|216/216
|-activate|p1a: Toxapex|move: Sticky Web
|-unboost|p1a: Toxapex|spe|1
|move|p2a: Mimikyu|Play Rough|p1a: Toxapex
|-resisted|p1a: Toxapex
|-damage|p1a: Toxapex|158/216
|-damage|p2a: Mimikyu|176/209 tox|[from] item: Life Orb
|
|-heal|p1a: Toxapex|171/216|[from] item: Black Sludge
|-damage|p2a: Mimikyu|150/209 tox|[from] psn
|upkeep
|turn|9
|
|t:|1685413723
|move|p2a: Mimikyu|Shadow Claw|p1a: Toxapex
|-damage|p1a: Toxapex|70/216
|-damage|p2a: Mimikyu|130/209 tox|[from] item: Life Orb
|move|p1a: Toxapex|Recover|p1a: Toxapex
|-heal|p1a: Toxapex|178/216
|
|-heal|p1a: Toxapex|191/216|[from] item: Black Sludge
|-damage|p2a: Mimikyu|91/209 tox|[from] psn
|upkeep
|turn|10
|
|t:|1685413732
|switch|p2a: Volcanion|Volcanion, L80|259/259
|move|p1a: Toxapex|Recover|p1a: Toxapex
|-heal|p1a: Toxapex|216/216
|
|upkeep
|turn|11
|inactive|swaggydog26 has 270 seconds left.
|
|t:|1685413744
|move|p2a: Volcanion|Earth Power|p1a: Toxapex
|-supereffective|p1a: Toxapex
|-damage|p1a: Toxapex|116/216
|move|p1a: Toxapex|Toxic|p2a: Volcanion
|-status|p2a: Volcanion|tox
|
|-heal|p1a: Toxapex|129/216|[from] item: Black Sludge
|-damage|p2a: Volcanion|243/259 tox|[from] psn
|upkeep
|turn|12
|
|t:|1685413750
|-start|p2a: Volcanion|Dynamax|
|-heal|p2a: Volcanion|486/518 tox|[silent]
|move|p2a: Volcanion|Max Quake|p1a: Toxapex
|-supereffective|p1a: Toxapex
|-damage|p1a: Toxapex|0 fnt
|-boost|p2a: Volcanion|spd|1
|faint|p1a: Toxapex
|
|-damage|p2a: Volcanion|454/518 tox|[from] psn
|upkeep
|inactive|swaggydog26 has 270 seconds left.
|
|t:|1685413768
|switch|p1a: Cofagrigus|Cofagrigus, L86, F|240/240
|-activate|p1a: Cofagrigus|move: Sticky Web
|-unboost|p1a: Cofagrigus|spe|1
|turn|13
|inactive|swaggydog26 has 270 seconds left.
|
|t:|1685413795
|move|p2a: Volcanion|Max Quake|p1a: Cofagrigus
|-damage|p1a: Cofagrigus|156/240
|-boost|p2a: Volcanion|spd|1
|move|p1a: Cofagrigus|Memento|p2a: Volcanion
|-unboost|p2a: Volcanion|atk|2
|-unboost|p2a: Volcanion|spa|2
|faint|p1a: Cofagrigus
|
|-damage|p2a: Volcanion|406/518 tox|[from] psn
|upkeep
|
|t:|1685413802
|switch|p1a: Hitmontop|Hitmontop, L85, M|224/224
|-activate|p1a: Hitmontop|move: Sticky Web
|-unboost|p1a: Hitmontop|spe|1
|-ability|p1a: Hitmontop|Intimidate|boost
|-unboost|p2a: Volcanion|atk|1
|turn|14
|
|t:|1685413805
|-end|p2a: Volcanion|Dynamax
|-heal|p2a: Volcanion|203/259 tox|[silent]
|switch|p2a: Mimikyu|Mimikyu, L76, M|91/209 tox
|move|p1a: Hitmontop|Rapid Spin|p2a: Mimikyu
|-immune|p2a: Mimikyu
|
|-damage|p2a: Mimikyu|78/209 tox|[from] psn
|upkeep
|turn|15
|
|t:|1685413822
|switch|p1a: Vanilluxe|Vanilluxe, L82, M|251/251
|-activate|p1a: Vanilluxe|move: Sticky Web
|-unboost|p1a: Vanilluxe|spe|1
|-weather|Hail|[from] ability: Snow Warning|[of] p1a: Vanilluxe
|move|p2a: Mimikyu|Drain Punch|p1a: Vanilluxe
|-supereffective|p1a: Vanilluxe
|-damage|p1a: Vanilluxe|144/251
|-heal|p2a: Mimikyu|132/209 tox|[from] drain|[of] p1a: Vanilluxe
|-damage|p2a: Mimikyu|112/209 tox|[from] item: Life Orb
|
|-weather|Hail|[upkeep]
|-damage|p2a: Mimikyu|99/209 tox|[from] Hail
|-damage|p2a: Mimikyu|73/209 tox|[from] psn
|upkeep
|turn|16
|
|t:|1685413837
|move|p2a: Mimikyu|Drain Punch|p1a: Vanilluxe
|-supereffective|p1a: Vanilluxe
|-damage|p1a: Vanilluxe|35/251
|-heal|p2a: Mimikyu|128/209 tox|[from] drain|[of] p1a: Vanilluxe
|-damage|p2a: Mimikyu|108/209 tox|[from] item: Life Orb
|move|p1a: Vanilluxe|Blizzard|p2a: Mimikyu
|-activate|p2a: Mimikyu|ability: Disguise
|-damage|p2a: Mimikyu|108/209 tox
|detailschange|p2a: Mimikyu|Mimikyu-Busted, L76, M
|-damage|p2a: Mimikyu|82/209 tox|[from] pokemon: Mimikyu-Busted
|
|-weather|Hail|[upkeep]
|-damage|p2a: Mimikyu|69/209 tox|[from] Hail
|-damage|p2a: Mimikyu|30/209 tox|[from] psn
|upkeep
|turn|17
|
|t:|1685413854
|switch|p2a: Ninetales|Ninetales, L82, F|254/254
|-weather|SunnyDay|[from] ability: Drought|[of] p2a: Ninetales
|move|p1a: Vanilluxe|Blizzard|p2a: Ninetales
|-resisted|p2a: Ninetales
|-damage|p2a: Ninetales|197/254
|
|-weather|SunnyDay|[upkeep]
|upkeep
|turn|18
|
|t:|1685413865
|move|p2a: Ninetales|Nasty Plot|p2a: Ninetales
|-boost|p2a: Ninetales|spa|2
|move|p1a: Vanilluxe|Explosion|p2a: Ninetales
|-damage|p2a: Ninetales|15/254
|faint|p1a: Vanilluxe
|
|-weather|SunnyDay|[upkeep]
|upkeep
|
|t:|1685413875
|switch|p1a: Tapu Bulu|Tapu Bulu, L82|249/249
|-activate|p1a: Tapu Bulu|move: Sticky Web
|-unboost|p1a: Tapu Bulu|spe|1
|-fieldstart|move: Grassy Terrain|[from] ability: Grassy Surge|[of] p1a: Tapu Bulu
|turn|19
|
|t:|1685413889
|-start|p1a: Tapu Bulu|Dynamax|
|-heal|p1a: Tapu Bulu|498/498|[silent]
|move|p2a: Ninetales|Fire Blast|p1a: Tapu Bulu
|-supereffective|p1a: Tapu Bulu
|-damage|p1a: Tapu Bulu|0 fnt
|faint|p1a: Tapu Bulu
|
|-weather|SunnyDay|[upkeep]
|-heal|p2a: Ninetales|30/254|[from] Grassy Terrain
|upkeep
|
|t:|1685413898
|switch|p1a: Hitmontop|Hitmontop, L85, M|224/224
|-activate|p1a: Hitmontop|move: Sticky Web
|-unboost|p1a: Hitmontop|spe|1
|-ability|p1a: Hitmontop|Intimidate|boost
|-unboost|p2a: Ninetales|atk|1
|turn|20
|
|t:|1685413905
|switch|p2a: Mimikyu|Mimikyu-Busted, L76, M|30/209 tox
|move|p1a: Hitmontop|Rapid Spin|p2a: Mimikyu
|-immune|p2a: Mimikyu
|
|-weather|SunnyDay|[upkeep]
|-heal|p2a: Mimikyu|43/209 tox|[from] Grassy Terrain
|-damage|p2a: Mimikyu|30/209 tox|[from] psn
|upkeep
|turn|21
|
|t:|1685413917
|move|p2a: Mimikyu|Drain Punch|p1a: Hitmontop
|-damage|p1a: Hitmontop|176/224
|-heal|p2a: Mimikyu|54/209 tox|[from] drain|[of] p1a: Hitmontop
|-damage|p2a: Mimikyu|34/209 tox|[from] item: Life Orb
|move|p1a: Hitmontop|Close Combat|p2a: Mimikyu
|-immune|p2a: Mimikyu
|
|-weather|none
|-heal|p2a: Mimikyu|47/209 tox|[from] Grassy Terrain
|-heal|p1a: Hitmontop|190/224|[from] Grassy Terrain
|-heal|p1a: Hitmontop|204/224|[from] item: Leftovers
|-damage|p2a: Mimikyu|21/209 tox|[from] psn
|upkeep
|turn|22
|
|t:|1685413930
|move|p2a: Mimikyu|Play Rough|p1a: Hitmontop
|-supereffective|p1a: Hitmontop
|-crit|p1a: Hitmontop
|-damage|p1a: Hitmontop|0 fnt
|faint|p1a: Hitmontop
|-damage|p2a: Mimikyu|1/209 tox|[from] item: Life Orb
|
|win|Jrkhan18
|l|☆swaggydog26
