|j|☆gareeb adani
|j|☆N0VAgenesis
|t:|1685308357
|gametype|singles
|player|p1|gareeb adani|2|1535
|player|p2|N0VAgenesis|ingo|1569
|teamsize|p1|6
|teamsize|p2|6
|gen|8
|tier|[Gen 8] Random Battle
|rated|
|rule|Species Clause: Limit one of each Pokémon
|rule|HP Percentage Mod: HP is shown in percentages
|rule|Sleep Clause Mod: Limit one foe put to sleep
|
|t:|1685308357
|start
|switch|p1a: Palossand|Palossand, L86, M|286/286
|switch|p2a: Audino|Audino, L91, F|335/335
|turn|1
|inactive|Battle timer is ON: inactive players will automatically lose when time's up. (requested by N0VAgenesis)
|
|t:|1685308368
|move|p2a: Audino|Knock Off|p1a: Palossand
|-supereffective|p1a: Palossand
|-damage|p1a: Palossand|188/286
|-enditem|p1a: Palossand|Leftovers|[from] move: Knock Off|[of] p2a: Audino
|move|p1a: Palossand|Toxic|p2a: Audino
|-status|p2a: Audino|tox
|
|-damage|p2a: Audino|315/335 tox|[from] psn
|upkeep
|turn|2
|
|t:|1685308374
|switch|p1a: Flareon|Flareon, L86, M|251/251
|move|p2a: Audino|Knock Off|p1a: Flareon
|-damage|p1a: Flareon|175/251
|-enditem|p1a: Flareon|Toxic Orb|[from] move: Knock Off|[of] p2a: Audino
|
|-heal|p2a: Audino|335/335 tox|[from] item: Leftovers
|-damage|p2a: Audino|295/335 tox|[from] psn
|upkeep
|turn|3
|
|t:|1685308388
|switch|p2a: Heatran|Heatran, L78, M|270/270
|-item|p2a: Heatran|Air Balloon
|move|p1a: Flareon|Superpower|p2a: Heatran
|-supereffective|p2a: Heatran
|-damage|p2a: Heatran|70/270
|-unboost|p1a: Flareon|atk|1
|-unboost|p1a: Flareon|def|1
|-enditem|p2a: Heatran|Air Balloon
|
|upkeep
|turn|4
|
|t:|1685308400
|move|p2a: Heatran|Stealth Rock|p1a: Flareon
|-sidestart|p1: gareeb adani|move: Stealth Rock
|move|p1a: Flareon|Superpower|p2a: Heatran
|-supereffective|p2a: Heatran
|-damage|p2a: Heatran|0 fnt
|-unboost|p1a: Flareon|atk|1
|-unboost|p1a: Flareon|def|1
|faint|p2a: Heatran
|
|upkeep
|
|t:|1685308411
|switch|p2a: Poliwrath|Poliwrath, L84, F|288/288
|turn|5
|
|t:|1685308423
|switch|p1a: Gourgeist|Gourgeist, L84, F|246/246
|-damage|p1a: Gourgeist|216/246|[from] Stealth Rock
|-item|p2a: Poliwrath|Life Orb|[from] ability: Frisk|[of] p1a: Gourgeist|[identify]
|-start|p2a: Poliwrath|Dynamax|
|-heal|p2a: Poliwrath|576/576|[silent]
|move|p2a: Poliwrath|Max Knuckle|p1a: Gourgeist
|-immune|p1a: Gourgeist
|
|-heal|p1a: Gourgeist|231/246|[from] item: Leftovers
|upkeep
|turn|6
|
|t:|1685308427
|move|p1a: Gourgeist|Will-O-Wisp|p2a: Poliwrath
|-status|p2a: Poliwrath|brn
|move|p2a: Poliwrath|Max Darkness|p1a: Gourgeist
|-supereffective|p1a: Gourgeist
|-damage|p1a: Gourgeist|145/246
|-unboost|p1a: Gourgeist|spd|1
|-damage|p2a: Poliwrath|548/576 brn|[from] item: Life Orb
|
|-heal|p1a: Gourgeist|160/246|[from] item: Leftovers
|-damage|p2a: Poliwrath|530/576 brn|[from] brn
|upkeep
|turn|7
|
|t:|1685308435
|move|p1a: Gourgeist|Power Whip|p2a: Poliwrath
|-supereffective|p2a: Poliwrath
|-damage|p2a: Poliwrath|312/576 brn
|move|p2a: Poliwrath|Max Darkness|p1a: Gourgeist
|-supereffective|p1a: Gourgeist
|-damage|p1a: Gourgeist|74/246
|-unboost|p1a: Gourgeist|spd|1
|-damage|p2a: Poliwrath|284/576 brn|[from] item: Life Orb
|
|-heal|p1a: Gourgeist|89/246|[from] item: Leftovers
|-damage|p2a: Poliwrath|266/576 brn|[from] brn
|upkeep
|-end|p2a: Poliwrath|Dynamax
|-heal|p2a: Poliwrath|133/288 brn|[silent]
|turn|8
|
|t:|1685308450
|switch|p2a: Ho-Oh|Ho-Oh, L72|272/272
|move|p1a: Gourgeist|Synthesis|p1a: Gourgeist
|-heal|p1a: Gourgeist|212/246
|
|-heal|p1a: Gourgeist|227/246|[from] item: Leftovers
|upkeep
|turn|9
|
|t:|1685308460
|switch|p1a: Sudowoodo|Sudowoodo, L87, F|264/264
|-damage|p1a: Sudowoodo|231/264|[from] Stealth Rock
|move|p2a: Ho-Oh|Toxic|p1a: Sudowoodo
|-status|p1a: Sudowoodo|tox
|
|-heal|p1a: Sudowoodo|247/264 tox|[from] item: Leftovers
|-damage|p1a: Sudowoodo|231/264 tox|[from] psn
|upkeep
|turn|10
|
|t:|1685308466
|switch|p2a: Poliwrath|Poliwrath, L84, F|133/288 brn
|move|p1a: Sudowoodo|Head Smash|p2a: Poliwrath|[miss]
|-miss|p1a: Sudowoodo|p2a: Poliwrath
|
|-heal|p1a: Sudowoodo|247/264 tox|[from] item: Leftovers
|-damage|p1a: Sudowoodo|215/264 tox|[from] psn
|-damage|p2a: Poliwrath|115/288 brn|[from] brn
|upkeep
|turn|11
|
|t:|1685308474
|move|p2a: Poliwrath|Liquidation|p1a: Sudowoodo
|-supereffective|p1a: Sudowoodo
|-crit|p1a: Sudowoodo
|-damage|p1a: Sudowoodo|73/264 tox
|-damage|p2a: Poliwrath|87/288 brn|[from] item: Life Orb
|move|p1a: Sudowoodo|Wood Hammer|p2a: Poliwrath
|-supereffective|p2a: Poliwrath
|-damage|p2a: Poliwrath|0 fnt
|faint|p2a: Poliwrath
|
|-heal|p1a: Sudowoodo|89/264 tox|[from] item: Leftovers
|-damage|p1a: Sudowoodo|41/264 tox|[from] psn
|upkeep
|
|t:|1685308487
|switch|p2a: Ludicolo|Ludicolo, L86, F|278/278
|turn|12
|
|t:|1685308497
|move|p2a: Ludicolo|Giga Drain|p1a: Sudowoodo
|-supereffective|p1a: Sudowoodo
|-damage|p1a: Sudowoodo|0 fnt
|faint|p1a: Sudowoodo
|
|upkeep
|
|t:|1685308504
|switch|p1a: Gourgeist|Gourgeist, L84, F|227/246
|-damage|p1a: Gourgeist|197/246|[from] Stealth Rock
|-item|p2a: Ludicolo|Choice Specs|[from] ability: Frisk|[of] p1a: Gourgeist|[identify]
|turn|13
|
|t:|1685308508
|switch|p2a: Audino|Audino, L91, F|335/335 tox
|move|p1a: Gourgeist|Poltergeist|p2a: Audino
|-immune|p2a: Audino
|
|-heal|p1a: Gourgeist|212/246|[from] item: Leftovers
|-damage|p2a: Audino|315/335 tox|[from] psn
|upkeep
|turn|14
|
|t:|1685308512
|switch|p1a: Flareon|Flareon, L86, M|175/251
|-damage|p1a: Flareon|113/251|[from] Stealth Rock
|move|p2a: Audino|Toxic|p1a: Flareon
|-status|p1a: Flareon|tox
|
|-heal|p2a: Audino|335/335 tox|[from] item: Leftovers
|-damage|p1a: Flareon|98/251 tox|[from] psn
|-damage|p2a: Audino|295/335 tox|[from] psn
|upkeep
|turn|15
|
|t:|1685308518
|move|p2a: Audino|Protect|p2a: Audino
|-singleturn|p2a: Audino|Protect
|move|p1a: Flareon|Facade|p2a: Audino
|-activate|p2a: Audino|move: Protect
|
|-heal|p2a: Audino|315/335 tox|[from] item: Leftovers
|-damage|p1a: Flareon|68/251 tox|[from] psn
|-damage|p2a: Audino|255/335 tox|[from] psn
|upkeep
|turn|16
|
|t:|1685308525
|move|p1a: Flareon|Facade|p2a: Audino
|-damage|p2a: Audino|85/335 tox
|move|p2a: Audino|Wish|p2a: Audino
|
|-heal|p2a: Audino|105/335 tox|[from] item: Leftovers
|-damage|p1a: Flareon|23/251 tox|[from] psn
|-damage|p2a: Audino|25/335 tox|[from] psn
|upkeep
|turn|17
|
|t:|1685308530
|move|p2a: Audino|Protect|p2a: Audino
|-singleturn|p2a: Audino|Protect
|move|p1a: Flareon|Facade|p2a: Audino
|-activate|p2a: Audino|move: Protect
|
|-heal|p2a: Audino|192/335 tox|[from] move: Wish|[wisher] Audino
|-heal|p2a: Audino|212/335 tox|[from] item: Leftovers
|-damage|p1a: Flareon|0 fnt|[from] psn
|faint|p1a: Flareon
|-damage|p2a: Audino|112/335 tox|[from] psn
|upkeep
|
|t:|1685308541
|switch|p1a: Cinccino|Cinccino, L84, M|263/263
|-damage|p1a: Cinccino|231/263|[from] Stealth Rock
|turn|18
|
|t:|1685308550
|move|p2a: Audino|Protect|p2a: Audino
|-singleturn|p2a: Audino|Protect
|move|p1a: Cinccino|Bullet Seed|p2a: Audino
|-activate|p2a: Audino|move: Protect
|
|-heal|p2a: Audino|132/335 tox|[from] item: Leftovers
|-damage|p2a: Audino|12/335 tox|[from] psn
|upkeep
|turn|19
|
|t:|1685308553
|switch|p2a: Ho-Oh|Ho-Oh, L72|272/272
|move|p1a: Cinccino|Bullet Seed|p2a: Ho-Oh
|-resisted|p2a: Ho-Oh
|-damage|p2a: Ho-Oh|266/272
|-resisted|p2a: Ho-Oh
|-damage|p2a: Ho-Oh|260/272
|-resisted|p2a: Ho-Oh
|-damage|p2a: Ho-Oh|254/272
|-resisted|p2a: Ho-Oh
|-damage|p2a: Ho-Oh|248/272
|-resisted|p2a: Ho-Oh
|-damage|p2a: Ho-Oh|242/272
|-hitcount|p2a: Ho-Oh|5
|-damage|p1a: Cinccino|205/263|[from] item: Life Orb
|
|upkeep
|turn|20
|
|t:|1685308560
|switch|p2a: Audino|Audino, L91, F|123/335 tox
|move|p1a: Cinccino|Rock Blast|p2a: Audino|[miss]
|-miss|p1a: Cinccino|p2a: Audino
|
|-heal|p2a: Audino|143/335 tox|[from] item: Leftovers
|-damage|p2a: Audino|123/335 tox|[from] psn
|upkeep
|turn|21
|
|t:|1685308567
|move|p1a: Cinccino|Tail Slap|p2a: Audino
|-damage|p2a: Audino|88/335 tox
|-damage|p2a: Audino|53/335 tox
|-damage|p2a: Audino|22/335 tox
|-damage|p2a: Audino|0 fnt
|faint|p2a: Audino
|-hitcount|p2: Audino|4
|-damage|p1a: Cinccino|179/263|[from] item: Life Orb
|
|upkeep
|
|t:|1685308575
|switch|p2a: Ludicolo|Ludicolo, L86, F|278/278
|turn|22
|
|t:|1685308580
|move|p1a: Cinccino|Tail Slap|p2a: Ludicolo|[miss]
|-miss|p1a: Cinccino|p2a: Ludicolo
|move|p2a: Ludicolo|Ice Beam|p1a: Cinccino
|-damage|p1a: Cinccino|51/263
|
|upkeep
|turn|23
|
|t:|1685308585
|move|p1a: Cinccino|Tail Slap|p2a: Ludicolo
|-damage|p2a: Ludicolo|239/278
|-damage|p2a: Ludicolo|195/278
|-damage|p2a: Ludicolo|152/278
|-damage|p2a: Ludicolo|109/278
|-damage|p2a: Ludicolo|70/278
|-hitcount|p2a: Ludicolo|5
|-damage|p1a: Cinccino|25/263|[from] item: Life Orb
|move|p2a: Ludicolo|Ice Beam|p1a: Cinccino
|-damage|p1a: Cinccino|0 fnt
|faint|p1a: Cinccino
|
|upkeep
|
|t:|1685308589
|switch|p1a: Cloyster|Cloyster, L80, F|211/211
|-damage|p1a: Cloyster|159/211|[from] Stealth Rock
|turn|24
|
|t:|1685308597
|switch|p2a: Electivire|Electivire, L82, F|257/257
|move|p1a: Cloyster|Shell Smash|p1a: Cloyster
|-unboost|p1a: Cloyster|def|1
|-unboost|p1a: Cloyster|spd|1
|-boost|p1a: Cloyster|atk|2
|-boost|p1a: Cloyster|spa|2
|-boost|p1a: Cloyster|spe|2
|-enditem|p1a: Cloyster|White Herb
|-clearnegativeboost|p1a: Cloyster|[silent]
|
|upkeep
|turn|25
|
|t:|1685308603
|move|p1a: Cloyster|Icicle Spear|p2a: Electivire
|-damage|p2a: Electivire|196/257
|-damage|p2a: Electivire|133/257
|-damage|p2a: Electivire|75/257
|-damage|p2a: Electivire|15/257
|-damage|p2a: Electivire|0 fnt
|faint|p2a: Electivire
|-hitcount|p2: Electivire|5
|
|upkeep
|
|t:|1685308609
|switch|p2a: Ho-Oh|Ho-Oh, L72|272/272
|turn|26
|
|t:|1685308612
|move|p1a: Cloyster|Rock Blast|p2a: Ho-Oh
|-supereffective|p2a: Ho-Oh
|-damage|p2a: Ho-Oh|128/272
|-supereffective|p2a: Ho-Oh
|-damage|p2a: Ho-Oh|0 fnt
|faint|p2a: Ho-Oh
|-hitcount|p2: Ho-Oh|2
|
|upkeep
|
|t:|1685308618
|switch|p2a: Ludicolo|Ludicolo, L86, F|70/278
|turn|27
|
|t:|1685308625
|move|p1a: Cloyster|Icicle Spear|p2a: Ludicolo
|-damage|p2a: Ludicolo|13/278
|-damage|p2a: Ludicolo|0 fnt
|faint|p2a: Ludicolo
|-hitcount|p2: Ludicolo|2
|
|win|gareeb adani
|raw|gareeb adani's rating: 1546 &rarr; <strong>1567</strong><br />(+21 for winning)
|raw|N0VAgenesis's rating: 1569 &rarr; <strong>1548</strong><br />(-21 for losing)
