{"id": "gen8randombattle-1618968790", "p1": "Prosaic", "p2": "JJ09LIE", "format": "[Gen 8] Random Battle", "log": "|j|\u2606Prosaic\n|j|\u2606JJ09LIE\n|t:|1658031653\n|gametype|singles\n|player|p1|Prosaic|schoolkid-gen4dp|2426\n|player|p2|JJ09LIE|2|2448\n|teamsize|p1|6\n|teamsize|p2|6\n|gen|8\n|tier|[Gen 8] Random Battle\n|rated|\n|rule|Species Clause: Limit one of each Pok\u00e9mon\n|rule|HP Percentage Mod: HP is shown in percentages\n|rule|Sleep Clause Mod: Limit one foe put to sleep\n|\n|t:|1658031653\n|start\n|switch|p1a: Blacephalon|Blacephalon, L80|215/215\n|switch|p2a: Arctozolt|Arctozolt, L86|295/295\n|turn|1\n|inactive|Battle timer is ON: inactive players will automatically lose when time's up. (requested by JJ09LIE)\n|c|\u2606JJ09LIE|Gosh oh my match to no1\n|j| Pika Sup\n|inactive|JJ09LIE has 120 seconds left.\n|c|\u2606Prosaic|gl :I\n|\n|t:|1658031704\n|switch|p2a: Octillery|Octillery, L86, F|269/269\n|move|p1a: Blacephalon|Fire Blast|p2a: Octillery\n|-resisted|p2a: Octillery\n|-damage|p2a: Octillery|179/269\n|-status|p2a: Octillery|brn\n|\n|-heal|p2a: Octillery|195/269 brn|[from] item: Leftovers\n|-damage|p2a: Octillery|179/269 brn|[from] brn\n|-ability|p2a: Octillery|Moody|boost\n|-boost|p2a: Octillery|spa|2\n|-unboost|p2a: Octillery|spd|1\n|upkeep\n|turn|2\n|\n|t:|1658031729\n|move|p2a: Octillery|Protect|p2a: Octillery\n|-singleturn|p2a: Octillery|Protect\n|move|p1a: Blacephalon|Calm Mind|p1a: Blacephalon\n|-boost|p1a: Blacephalon|spa|1\n|-boost|p1a: Blacephalon|spd|1\n|\n|-heal|p2a: Octillery|195/269 brn|[from] item: Leftovers\n|-damage|p2a: Octillery|179/269 brn|[from] brn\n|-ability|p2a: Octillery|Moody|boost\n|-boost|p2a: Octillery|spe|2\n|-unboost|p2a: Octillery|def|1\n|upkeep\n|turn|3\n|\n|t:|1658031737\n|-start|p2a: Octillery|Dynamax|\n|-heal|p2a: Octillery|358/538 brn|[silent]\n|move|p2a: Octillery|Max Geyser|p1a: Blacephalon\n|-supereffective|p1a: Blacephalon\n|-enditem|p1a: Blacephalon|Focus Sash\n|-damage|p1a: Blacephalon|1/215\n|-weather|RainDance\n|move|p1a: Blacephalon|Shadow Ball|p2a: Octillery\n|-damage|p2a: Octillery|91/538 brn\n|-unboost|p2a: Octillery|spd|1\n|\n|-weather|RainDance|[upkeep]\n|-heal|p2a: Octillery|107/538 brn|[from] item: Leftovers\n|-damage|p2a: Octillery|91/538 brn|[from] brn\n|-ability|p2a: Octillery|Moody|boost\n|-boost|p2a: Octillery|def|2\n|-unboost|p2a: Octillery|spd|1\n|upkeep\n|turn|4\n|\n|t:|1658031755\n|move|p2a: Octillery|Max Overgrowth|p1a: Blacephalon\n|-resisted|p1a: Blacephalon\n|-damage|p1a: Blacephalon|0 fnt\n|-fieldstart|move: Grassy Terrain\n|faint|p1a: Blacephalon\n|\n|-weather|RainDance|[upkeep]\n|-heal|p2a: Octillery|107/538 brn|[from] Grassy Terrain\n|-heal|p2a: Octillery|123/538 brn|[from] item: Leftovers\n|-damage|p2a: Octillery|107/538 brn|[from] brn\n|-ability|p2a: Octillery|Moody|boost\n|-boost|p2a: Octillery|def|2\n|-unboost|p2a: Octillery|atk|1\n|upkeep\n|\n|t:|1658031768\n|switch|p1a: Crobat|Crobat, L82, F|274/274\n|turn|5\n|\n|t:|1658031780\n|move|p1a: Crobat|U-turn|p2a: Octillery\n|-damage|p2a: Octillery|86/538 brn\n|\n|t:|1658031782\n|switch|p1a: Vaporeon|Vaporeon, L84, F|356/356\n|move|p2a: Octillery|Max Geyser|p1a: Vaporeon\n|-immune|p1a: Vaporeon|[from] ability: Water Absorb\n|\n|-weather|RainDance|[upkeep]\n|-heal|p2a: Octillery|102/538 brn|[from] Grassy Terrain\n|-heal|p2a: Octillery|118/538 brn|[from] item: Leftovers\n|-damage|p2a: Octillery|102/538 brn|[from] brn\n|-ability|p2a: Octillery|Moody|boost\n|-boost|p2a: Octillery|spd|2\n|-unboost|p2a: Octillery|spe|1\n|upkeep\n|-end|p2a: Octillery|Dynamax\n|-heal|p2a: Octillery|51/269 brn|[silent]\n|turn|6\n|\n|t:|1658031794\n|switch|p1a: Crobat|Crobat, L82, F|274/274\n|move|p2a: Octillery|Energy Ball|p1a: Crobat\n|-resisted|p1a: Crobat\n|-damage|p1a: Crobat|225/274\n|\n|-weather|RainDance|[upkeep]\n|-heal|p2a: Octillery|67/269 brn|[from] Grassy Terrain\n|-heal|p2a: Octillery|83/269 brn|[from] item: Leftovers\n|-damage|p2a: Octillery|67/269 brn|[from] brn\n|-ability|p2a: Octillery|Moody|boost\n|-boost|p2a: Octillery|def|2\n|-unboost|p2a: Octillery|atk|1\n|upkeep\n|turn|7\n|c|\u2606JJ09LIE|damn annoying burn\n|c|\u2606JJ09LIE|ngl\n|inactive|Prosaic has 120 seconds left.\n|\n|t:|1658031822\n|move|p1a: Crobat|Brave Bird|p2a: Octillery\n|-damage|p2a: Octillery|30/269 brn\n|-damage|p1a: Crobat|213/274|[from] Recoil\n|move|p2a: Octillery|Hydro Pump|p1a: Crobat\n|-damage|p1a: Crobat|0 fnt\n|faint|p1a: Crobat\n|\n|-weather|none\n|-heal|p2a: Octillery|46/269 brn|[from] Grassy Terrain\n|-heal|p2a: Octillery|62/269 brn|[from] item: Leftovers\n|-damage|p2a: Octillery|46/269 brn|[from] brn\n|-ability|p2a: Octillery|Moody|boost\n|-boost|p2a: Octillery|spa|2\n|-unboost|p2a: Octillery|def|1\n|upkeep\n|\n|t:|1658031832\n|switch|p1a: Morpeko|Morpeko, L86, M|240/240\n|turn|8\n|\n|t:|1658031837\n|move|p2a: Octillery|Protect|p2a: Octillery\n|-singleturn|p2a: Octillery|Protect\n|move|p1a: Morpeko|Aura Wheel|p2a: Octillery\n|-activate|p2a: Octillery|move: Protect\n|\n|-heal|p2a: Octillery|62/269 brn|[from] Grassy Terrain\n|-heal|p2a: Octillery|78/269 brn|[from] item: Leftovers\n|-damage|p2a: Octillery|62/269 brn|[from] brn\n|-fieldend|move: Grassy Terrain\n|-ability|p2a: Octillery|Moody|boost\n|-boost|p2a: Octillery|atk|2\n|-unboost|p2a: Octillery|def|1\n|-formechange|p1a: Morpeko|Morpeko-Hangry||[from] ability: Hunger Switch\n|upkeep\n|turn|9\n|j| I am CrazyClown\n|inactive|Prosaic has 120 seconds left.\n|\n|t:|1658031854\n|switch|p2a: Urshifu|Urshifu, L76, F|277/277\n|move|p1a: Morpeko|Protect||[still]\n|-fail|p1a: Morpeko\n|\n|-formechange|p1a: Morpeko|Morpeko||[from] ability: Hunger Switch\n|upkeep\n|turn|10\n|inactive|Prosaic has 120 seconds left.\n|\n|t:|1658031862\n|move|p1a: Morpeko|Parting Shot|p2a: Urshifu\n|-unboost|p2a: Urshifu|atk|1\n|-unboost|p2a: Urshifu|spa|1\n|\n|t:|1658031863\n|switch|p1a: Vaporeon|Vaporeon, L84, F|356/356\n|move|p2a: Urshifu|Bulk Up|p2a: Urshifu\n|-boost|p2a: Urshifu|atk|1\n|-boost|p2a: Urshifu|def|1\n|\n|upkeep\n|turn|11\n|\n|t:|1658031873\n|switch|p2a: Rotom|Rotom-Mow, L86|226/226\n|move|p1a: Vaporeon|Scald|p2a: Rotom\n|-resisted|p2a: Rotom\n|-damage|p2a: Rotom|186/226\n|-status|p2a: Rotom|brn\n|\n|-heal|p2a: Rotom|200/226 brn|[from] item: Leftovers\n|-damage|p2a: Rotom|186/226 brn|[from] brn\n|upkeep\n|turn|12\n|l| Pika Sup\n|inactive|Prosaic has 120 seconds left.\n|\n|t:|1658031893\n|switch|p1a: Bouffalant|Bouffalant, L84, M|297/297\n|move|p2a: Rotom|Nasty Plot|p2a: Rotom\n|-boost|p2a: Rotom|spa|2\n|\n|-heal|p2a: Rotom|200/226 brn|[from] item: Leftovers\n|-damage|p2a: Rotom|186/226 brn|[from] brn\n|upkeep\n|turn|13\n|\n|t:|1658031898\n|move|p2a: Rotom|Volt Switch|p1a: Bouffalant\n|-damage|p1a: Bouffalant|146/297\n|c| I am CrazyClown|octillery slick has good coverage wtf\n|\n|t:|1658031900\n|switch|p2a: Octillery|Octillery, L86, F|62/269 brn\n|move|p1a: Bouffalant|Megahorn|p2a: Octillery\n|-damage|p2a: Octillery|0 fnt\n|faint|p2a: Octillery\n|\n|-heal|p1a: Bouffalant|164/297|[from] item: Leftovers\n|upkeep\n|c| I am CrazyClown|flame eball\n|\n|t:|1658031905\n|switch|p2a: Urshifu|Urshifu, L76, F|277/277\n|turn|14\n|\n|t:|1658031927\n|switch|p1a: Vaporeon|Vaporeon, L84, F|356/356\n|move|p2a: Urshifu|Bulk Up|p2a: Urshifu\n|-boost|p2a: Urshifu|atk|1\n|-boost|p2a: Urshifu|def|1\n|\n|upkeep\n|turn|15\n|\n|t:|1658031931\n|move|p2a: Urshifu|Wicked Blow|p1a: Vaporeon\n|-crit|p1a: Vaporeon\n|-damage|p1a: Vaporeon|88/356\n|move|p1a: Vaporeon|Toxic|p2a: Urshifu\n|-status|p2a: Urshifu|tox\n|\n|-heal|p1a: Vaporeon|110/356|[from] item: Leftovers\n|-damage|p2a: Urshifu|260/277 tox|[from] psn\n|upkeep\n|turn|16\n|\n|t:|1658031947\n|switch|p1a: Bouffalant|Bouffalant, L84, M|164/297\n|move|p2a: Urshifu|Drain Punch|p1a: Bouffalant\n|-supereffective|p1a: Bouffalant\n|-damage|p1a: Bouffalant|0 fnt\n|-heal|p2a: Urshifu|277/277 tox|[from] drain|[of] p1a: Bouffalant\n|faint|p1a: Bouffalant\n|\n|-damage|p2a: Urshifu|243/277 tox|[from] psn\n|upkeep\n|inactive|Prosaic has 120 seconds left.\n|c|\u2606JJ09LIE|Istg a sweeper is at the back\n|c|\u2606Prosaic|i wish\n|c| I am CrazyClown|groudon primal incoming\n|j| gghggcghcf\n|c| I am CrazyClown|rayquaza mega!!\n|c|\u2606JJ09LIE|reveals naganadel\n|inactive|Prosaic has 90 seconds left.\n|\n|t:|1658032001\n|switch|p1a: Morpeko|Morpeko, L86, M|240/240\n|turn|17\n|\n|t:|1658032004\n|move|p1a: Morpeko|Parting Shot|p2a: Urshifu\n|-unboost|p2a: Urshifu|atk|1\n|-unboost|p2a: Urshifu|spa|1\n|\n|t:|1658032005\n|switch|p1a: Vaporeon|Vaporeon, L84, F|110/356\n|move|p2a: Urshifu|Drain Punch|p1a: Vaporeon\n|-damage|p1a: Vaporeon|10/356\n|-heal|p2a: Urshifu|277/277 tox|[from] drain|[of] p1a: Vaporeon\n|\n|-heal|p1a: Vaporeon|32/356|[from] item: Leftovers\n|-damage|p2a: Urshifu|226/277 tox|[from] psn\n|upkeep\n|turn|18\n|\n|t:|1658032019\n|move|p2a: Urshifu|Drain Punch|p1a: Vaporeon\n|-damage|p1a: Vaporeon|0 fnt\n|-heal|p2a: Urshifu|242/277 tox|[from] drain|[of] p1a: Vaporeon\n|faint|p1a: Vaporeon\n|\n|-heal|p2a: Urshifu|259/277 tox|[from] item: Leftovers\n|-damage|p2a: Urshifu|191/277 tox|[from] psn\n|upkeep\n|c|\u2606JJ09LIE|Reveal it\n|c| I am CrazyClown|reveal your own urshifu\n|inactive|Prosaic has 90 seconds left.\n|\n|t:|1658032048\n|switch|p1a: Duraludon|Duraludon, L84, F|255/255\n|turn|19\n|c|\u2606Prosaic|:(\n|c| I am CrazyClown|gg...\n|c| I am CrazyClown|:(\n|inactive|Prosaic has 90 seconds left.\n|\n|t:|1658032058\n|move|p1a: Duraludon|Draco Meteor|p2a: Urshifu\n|-damage|p2a: Urshifu|0 fnt\n|-unboost|p1a: Duraludon|spa|2\n|faint|p2a: Urshifu\n|-damage|p1a: Duraludon|230/255|[from] item: Life Orb\n|\n|upkeep\n|c|\u2606JJ09LIE|hmm\n|c| I am CrazyClown|wait that was a speedtie\n|\n|t:|1658032071\n|switch|p2a: Carracosta|Carracosta, L84, M|262/262\n|turn|20\n|c|\u2606JJ09LIE|yes\n|c| I am CrazyClown|damn\n|c|\u2606JJ09LIE|if only I won the speedtie\n|inactive|Prosaic has 90 seconds left.\n|c| I am CrazyClown|u still win\n|c|\u2606JJ09LIE|No\n|\n|t:|1658032095\n|switch|p1a: Morpeko|Morpeko, L86, M|240/240\n|move|p2a: Carracosta|Shell Smash|p2a: Carracosta\n|-unboost|p2a: Carracosta|def|1\n|-unboost|p2a: Carracosta|spd|1\n|-boost|p2a: Carracosta|atk|2\n|-boost|p2a: Carracosta|spa|2\n|-boost|p2a: Carracosta|spe|2\n|\n|-formechange|p1a: Morpeko|Morpeko-Hangry||[from] ability: Hunger Switch\n|upkeep\n|turn|21\n|c| I am CrazyClown|o\n|inactive|Prosaic has 90 seconds left.\n|\n|t:|1658032119\n|move|p1a: Morpeko|Aura Wheel|p2a: Carracosta\n|-damage|p2a: Carracosta|136/262\n|-boost|p1a: Morpeko|spe|1\n|move|p2a: Carracosta|Hydro Pump|p1a: Morpeko|[miss]\n|-miss|p2a: Carracosta|p1a: Morpeko\n|\n|-formechange|p1a: Morpeko|Morpeko||[from] ability: Hunger Switch\n|upkeep\n|turn|22\n|j| take it easy dude\n|c| I am CrazyClown|damn...\n|c|\u2606JJ09LIE|fml\n|c|\u2606Prosaic|i have plot armor\n|\n|t:|1658032136\n|move|p2a: Carracosta|Aqua Jet|p1a: Morpeko\n|-damage|p1a: Morpeko|120/240\n|move|p1a: Morpeko|Foul Play|p2a: Carracosta\n|-damage|p2a: Carracosta|0 fnt\n|faint|p2a: Carracosta\n|\n|-heal|p1a: Morpeko|135/240|[from] item: Leftovers\n|-formechange|p1a: Morpeko|Morpeko-Hangry||[from] ability: Hunger Switch\n|upkeep\n|c| I am CrazyClown|JJ09LIE u should of accounted for plot armor\n|c|\u2606JJ09LIE|game doesn\u2019t wanna give me no1\n|c| I am CrazyClown|quick use talk no jutus\n|c| I am CrazyClown|jutsu\n|\n|t:|1658032159\n|switch|p2a: Rotom|Rotom-Mow, L86|186/226 brn\n|turn|23\n|\n|t:|1658032172\n|move|p1a: Morpeko|Aura Wheel|p2a: Rotom\n|-damage|p2a: Rotom|87/226 brn\n|-boost|p1a: Morpeko|spe|1\n|move|p2a: Rotom|Leaf Storm|p1a: Morpeko|[miss]\n|-miss|p2a: Rotom|p1a: Morpeko\n|\n|-heal|p1a: Morpeko|150/240|[from] item: Leftovers\n|-heal|p2a: Rotom|101/226 brn|[from] item: Leftovers\n|-damage|p2a: Rotom|87/226 brn|[from] brn\n|-formechange|p1a: Morpeko|Morpeko||[from] ability: Hunger Switch\n|upkeep\n|turn|24\n|c|\u2606JJ09LIE|Fuck me\n|c| I am CrazyClown|holy shit u really do have plot armor LOL\n|c|\u2606JJ09LIE|thx a lot\n|\n|t:|1658032191\n|switch|p2a: Arctozolt|Arctozolt, L86|295/295\n|move|p1a: Morpeko|Protect||[still]\n|-fail|p1a: Morpeko\n|\n|-heal|p1a: Morpeko|165/240|[from] item: Leftovers\n|-formechange|p1a: Morpeko|Morpeko-Hangry||[from] ability: Hunger Switch\n|upkeep\n|turn|25\n|c|\u2606JJ09LIE|shit game smh\n|inactive|Prosaic has 60 seconds left.\n|\n|t:|1658032222\n|move|p1a: Morpeko|Foul Play|p2a: Arctozolt\n|-crit|p2a: Arctozolt\n|-damage|p2a: Arctozolt|124/295\n|move|p2a: Arctozolt|Freeze-Dry|p1a: Morpeko\n|-damage|p1a: Morpeko|75/240\n|\n|-heal|p1a: Morpeko|90/240|[from] item: Leftovers\n|-formechange|p1a: Morpeko|Morpeko||[from] ability: Hunger Switch\n|upkeep\n|turn|26\n|c|\u2606JJ09LIE|\u2026\n|c| I am CrazyClown|I think it was Benjamin Franklin who said, \"Some pokemon games will be shit\"\n|\n|t:|1658032230\n|move|p1a: Morpeko|Protect|p1a: Morpeko\n|-singleturn|p1a: Morpeko|Protect\n|move|p2a: Arctozolt|Icicle Crash|p1a: Morpeko\n|-activate|p1a: Morpeko|move: Protect\n|\n|-heal|p1a: Morpeko|105/240|[from] item: Leftovers\n|-formechange|p1a: Morpeko|Morpeko-Hangry||[from] ability: Hunger Switch\n|upkeep\n|turn|27\n|\n|t:|1658032238\n|move|p1a: Morpeko|Aura Wheel|p2a: Arctozolt\n|-damage|p2a: Arctozolt|9/295\n|-boost|p1a: Morpeko|spe|1\n|move|p2a: Arctozolt|Icicle Crash|p1a: Morpeko\n|-damage|p1a: Morpeko|0 fnt\n|faint|p1a: Morpeko\n|\n|upkeep\n|\n|t:|1658032244\n|switch|p1a: Duraludon|Duraludon, L84, F|230/255\n|turn|28\n|\n|t:|1658032253\n|switch|p2a: Giratina|Giratina-Origin, L74|344/344\n|move|p1a: Duraludon|Body Press|p2a: Giratina\n|-immune|p2a: Giratina\n|\n|upkeep\n|turn|29\n|\n|t:|1658032266\n|switch|p2a: Arctozolt|Arctozolt, L86|9/295\n|-start|p1a: Duraludon|Dynamax|\n|-heal|p1a: Duraludon|460/510|[silent]\n|move|p1a: Duraludon|Max Wyrmwind|p2a: Arctozolt\n|-damage|p2a: Arctozolt|0 fnt\n|faint|p2a: Arctozolt\n|-damage|p1a: Duraludon|435/510|[from] item: Life Orb\n|\n|upkeep\n|c|\u2606JJ09LIE|this is how it goes\n|c| I am CrazyClown|dynamax broke wtf\n|c|\u2606JJ09LIE|if I landed any shit would have wom\n|c|\u2606JJ09LIE|won\n|inactive|JJ09LIE has 120 seconds left.\n|c|\u2606JJ09LIE|well gg\n|c|\u2606Prosaic|gg sorry for hax :(\n|c| I am CrazyClown|:(\n|\n|t:|1658032307\n|switch|p2a: Rotom|Rotom-Mow, L86|87/226 brn\n|turn|30\n|c|\u2606Prosaic|u can\n|c|\u2606Prosaic|tbolt\n|c|\u2606Prosaic|para\n|c|\u2606Prosaic|me\n|c|\u2606JJ09LIE|lol I\u2019ll dream on\n|inactive|JJ09LIE has 90 seconds left.\n|\n|t:|1658032334\n|move|p2a: Rotom|Volt Switch|p1a: Duraludon\n|-resisted|p1a: Duraludon\n|-damage|p1a: Duraludon|371/510\n|\n|t:|1658032335\n|switch|p2a: Giratina|Giratina-Origin, L74|344/344\n|move|p1a: Duraludon|Max Wyrmwind|p2a: Giratina\n|-supereffective|p2a: Giratina\n|-damage|p2a: Giratina|0 fnt\n|faint|p2a: Giratina\n|-damage|p1a: Duraludon|346/510|[from] item: Life Orb\n|\n|upkeep\n|\n|t:|1658032336\n|switch|p2a: Rotom|Rotom-Mow, L86|87/226 brn\n|turn|31\n|\n|t:|1658032339\n|move|p2a: Rotom|Thunderbolt|p1a: Duraludon\n|-resisted|p1a: Duraludon\n|-damage|p1a: Duraludon|270/510\n|move|p1a: Duraludon|Max Wyrmwind|p2a: Rotom\n|-damage|p2a: Rotom|0 fnt\n|faint|p2a: Rotom\n|-damage|p1a: Duraludon|245/510|[from] item: Life Orb\n|\n|win|Prosaic\n|raw|Prosaic's rating: 2426 &rarr; <strong>2447</strong><br />(+21 for winning)\n|raw|JJ09LIE's rating: 2448 &rarr; <strong>2427</strong><br />(-21 for losing)\n|c| I am CrazyClown|gg\n|l| I am CrazyClown\n|l|\u2606JJ09LIE\n|l|\u2606Prosaic\n|l| take it easy dude\n|l| gghggcghcf\n|j|\u2606JJ09LIE\n|player|p2|JJ09LIE|2\n", "inputlog": ">version 4a4cabe60c28a5bb964627646fa6bb3096f2f228\n>start {\"formatid\":\"gen8randombattle\",\"seed\":[19973,63216,43163,41302],\"rated\":\"Rated battle\"}\n>player p1 {\"name\":\"Prosaic\",\"avatar\":\"schoolkid-gen4dp\",\"rating\":2426,\"seed\":[7734,21493,41414,31175]}\n>player p2 {\"name\":\"JJ09LIE\",\"avatar\":\"2\",\"rating\":2448,\"seed\":[7762,36761,54345,54594]}\n>chat \u2606JJ09LIE|Gosh oh my match to no1\n>chat \u2606Prosaic|gl :I\n>p1 move fireblast\n>p2 switch 3\n>p1 move calmmind\n>p2 move protect\n>p1 move shadowball\n>p2 move hydropump dynamax\n>p1 move shadowball\n>p2 move energyball dynamax\n>p1 switch 4\n>p1 move uturn\n>p2 move hydropump dynamax\n>p1 switch 2\n>p1 switch 2\n>p2 move energyball\n>chat \u2606JJ09LIE|damn annoying burn\n>chat \u2606JJ09LIE|ngl\n>p1 move bravebird\n>p2 move hydropump\n>p1 switch 6\n>p1 move aurawheel\n>p2 move protect\n>p1 move protect\n>p2 switch 6\n>p1 move partingshot\n>p2 move bulkup\n>p1 switch 2\n>p1 move scald\n>p2 switch 2\n>p1 switch 5\n>p2 move nastyplot\n>p1 move megahorn\n>p2 move voltswitch\n>chat  I am CrazyClown|octillery slick has good coverage wtf\n>p2 switch 6\n>chat  I am CrazyClown|flame eball\n>p2 switch 2\n>p1 switch 5\n>p2 move bulkup\n>p1 move toxic\n>p2 move wickedblow\n>p1 switch 5\n>p2 move drainpunch\n>chat \u2606JJ09LIE|Istg a sweeper is at the back\n>chat \u2606Prosaic|i wish\n>chat  I am CrazyClown|groudon primal incoming\n>chat  I am CrazyClown|rayquaza mega!!\n>chat \u2606JJ09LIE|reveals naganadel\n>p1 switch 2\n>p1 move partingshot\n>p2 move drainpunch\n>p1 switch 5\n>p1 move scald\n>p2 move drainpunch\n>chat \u2606JJ09LIE|Reveal it\n>chat  I am CrazyClown|reveal your own urshifu\n>p1 switch 3\n>chat \u2606Prosaic|:(\n>chat  I am CrazyClown|gg...\n>chat  I am CrazyClown|:(\n>p1 move dracometeor\n>p2 move drainpunch\n>chat \u2606JJ09LIE|hmm\n>chat  I am CrazyClown|wait that was a speedtie\n>p2 switch 5\n>chat \u2606JJ09LIE|yes\n>chat  I am CrazyClown|damn\n>chat \u2606JJ09LIE|if only I won the speedtie\n>chat  I am CrazyClown|u still win\n>chat \u2606JJ09LIE|No\n>p1 switch 5\n>p2 move shellsmash\n>chat  I am CrazyClown|o\n>p1 move aurawheel\n>p2 move hydropump\n>chat  I am CrazyClown|damn...\n>chat \u2606JJ09LIE|fml\n>chat \u2606Prosaic|i have plot armor\n>p1 move foulplay\n>p2 move aquajet\n>chat  I am CrazyClown|JJ09LIE u should of accounted for plot armor\n>chat \u2606JJ09LIE|game doesn\u2019t wanna give me no1\n>chat  I am CrazyClown|quick use talk no jutus\n>chat  I am CrazyClown|jutsu\n>p2 switch 6\n>p1 move aurawheel\n>p2 move leafstorm\n>chat \u2606JJ09LIE|Fuck me\n>chat  I am CrazyClown|holy shit u really do have plot armor LOL\n>chat \u2606JJ09LIE|thx a lot\n>p1 move protect\n>p2 switch 3\n>chat \u2606JJ09LIE|shit game smh\n>p1 move foulplay\n>p2 move freezedry\n>chat \u2606JJ09LIE|\u2026\n>chat  I am CrazyClown|I think it was Benjamin Franklin who said, \"Some pokemon games will be shit\" \n>p1 move protect\n>p2 move iciclecrash\n>p1 move aurawheel\n>p2 move iciclecrash\n>p1 switch 5\n>p1 move bodypress\n>p2 switch 4\n>p1 move dracometeor dynamax\n>p2 switch 4\n>chat \u2606JJ09LIE|this is how it goes\n>chat  I am CrazyClown|dynamax broke wtf\n>chat \u2606JJ09LIE|if I landed any shit would have wom\n>chat \u2606JJ09LIE|won\n>chat \u2606JJ09LIE|well gg\n>chat \u2606Prosaic|gg sorry for hax :(\n>chat  I am CrazyClown|:(\n>p2 switch 3\n>chat \u2606Prosaic|u can\n>chat \u2606Prosaic|tbolt\n>chat \u2606Prosaic|para\n>chat \u2606Prosaic|me\n>chat \u2606JJ09LIE|lol I\u2019ll dream on\n>p1 move dracometeor dynamax\n>p2 move voltswitch\n>p2 switch 4\n>p2 switch 4\n>p1 move dracometeor dynamax\n>p2 move thunderbolt", "uploadtime": 1658032362, "views": 41, "p1id": "prosaic", "p2id": "jj09lie", "formatid": "gen8randombattle", "rating": 2427, "private": 0, "password": null}