{"id": "gen8randombattle-1862097433", "p1": "Sr1inkyy_", "p2": "lauda Mera", "format": "[Gen 8] Random Battle", "log": "|j|\u2606Sr1inkyy_\n|j|\u2606lauda Mera\n|t:|1683836682\n|gametype|singles\n|player|p1|Sr1inkyy_|rosa|1331\n|player|p2|lauda Mera|hilbert-wonderlauncher|1469\n|teamsize|p1|6\n|teamsize|p2|6\n|gen|8\n|tier|[Gen 8] Random Battle\n|rated|\n|rule|Species Clause: Limit one of each Pok\u00e9mon\n|rule|HP Percentage Mod: HP is shown in percentages\n|rule|Sleep Clause Mod: Limit one foe put to sleep\n|\n|t:|1683836682\n|start\n|switch|p1a: Darmanitan|Darmanitan, L80, F|299/299\n|switch|p2a: Diancie|Diancie, L82|216/216\n|turn|1\n|inactive|Battle timer is ON: inactive players will automatically lose when time's up. (requested by lauda Mera)\n|inactive|Sr1inkyy_ has 120 seconds left.\n|\n|t:|1683836734\n|move|p1a: Darmanitan|Earthquake|p2a: Diancie\n|-supereffective|p2a: Diancie\n|-damage|p2a: Diancie|60/216\n|-damage|p1a: Darmanitan|270/299|[from] item: Life Orb\n|move|p2a: Diancie|Diamond Storm|p1a: Darmanitan\n|-supereffective|p1a: Darmanitan\n|-damage|p1a: Darmanitan|0 fnt\n|-boost|p2a: Diancie|def|2\n|faint|p1a: Darmanitan\n|\n|-heal|p2a: Diancie|73/216|[from] item: Leftovers\n|upkeep\n|\n|t:|1683836745\n|switch|p1a: Landorus|Landorus, L76, M|260/260\n|turn|2\n|\n|t:|1683836758\n|switch|p2a: Mandibuzz|Mandibuzz, L82, F|315/315\n|move|p1a: Landorus|Focus Blast|p2a: Mandibuzz|[miss]\n|-miss|p1a: Landorus|p2a: Mandibuzz\n|\n|upkeep\n|turn|3\n|\n|t:|1683836781\n|move|p1a: Landorus|Focus Blast|p2a: Mandibuzz|[miss]\n|-miss|p1a: Landorus|p2a: Mandibuzz\n|move|p2a: Mandibuzz|Toxic|p1a: Landorus\n|-status|p1a: Landorus|tox\n|\n|-damage|p1a: Landorus|244/260 tox|[from] psn\n|upkeep\n|turn|4\n|\n|t:|1683836793\n|move|p1a: Landorus|Focus Blast|p2a: Mandibuzz\n|-damage|p2a: Mandibuzz|184/315\n|move|p2a: Mandibuzz|Foul Play|p1a: Landorus\n|-damage|p1a: Landorus|133/260 tox\n|\n|-damage|p1a: Landorus|101/260 tox|[from] psn\n|upkeep\n|turn|5\n|\n|t:|1683836802\n|move|p1a: Landorus|Knock Off|p2a: Mandibuzz\n|-resisted|p2a: Mandibuzz\n|-damage|p2a: Mandibuzz|142/315\n|-enditem|p2a: Mandibuzz|Heavy-Duty Boots|[from] move: Knock Off|[of] p1a: Landorus\n|-damage|p1a: Landorus|75/260 tox|[from] item: Life Orb\n|move|p2a: Mandibuzz|Roost|p2a: Mandibuzz\n|-heal|p2a: Mandibuzz|300/315\n|-singleturn|p2a: Mandibuzz|move: Roost\n|\n|-damage|p1a: Landorus|27/260 tox|[from] psn\n|upkeep\n|turn|6\n|\n|t:|1683836827\n|move|p1a: Landorus|Focus Blast|p2a: Mandibuzz\n|-damage|p2a: Mandibuzz|177/315\n|move|p2a: Mandibuzz|Brave Bird|p1a: Landorus\n|-damage|p1a: Landorus|0 fnt\n|faint|p1a: Landorus\n|-damage|p2a: Mandibuzz|168/315|[from] Recoil\n|\n|upkeep\n|\n|t:|1683836846\n|switch|p1a: Klefki|Klefki, L82, F|228/228\n|turn|7\n|inactive|lauda Mera has 120 seconds left.\n|inactive|lauda Mera has 90 seconds left.\n|\n|t:|1683836897\n|switch|p2a: Ho-Oh|Ho-Oh, L72|272/272\n|move|p1a: Klefki|Spikes|p2a: Ho-Oh\n|-sidestart|p2: lauda Mera|Spikes\n|\n|upkeep\n|turn|8\n|\n|t:|1683836909\n|move|p1a: Klefki|Toxic|p2a: Ho-Oh\n|-status|p2a: Ho-Oh|tox\n|move|p2a: Ho-Oh|Sacred Fire|p1a: Klefki\n|-supereffective|p1a: Klefki\n|-damage|p1a: Klefki|18/228\n|-status|p1a: Klefki|brn\n|\n|-heal|p1a: Klefki|32/228 brn|[from] item: Leftovers\n|-damage|p2a: Ho-Oh|255/272 tox|[from] psn\n|-damage|p1a: Klefki|18/228 brn|[from] brn\n|upkeep\n|turn|9\n|\n|t:|1683836924\n|move|p1a: Klefki|Spikes|p2a: Ho-Oh\n|-sidestart|p2: lauda Mera|Spikes\n|move|p2a: Ho-Oh|Brave Bird|p1a: Klefki\n|-resisted|p1a: Klefki\n|-damage|p1a: Klefki|0 fnt\n|faint|p1a: Klefki\n|-damage|p2a: Ho-Oh|249/272 tox|[from] Recoil\n|\n|-damage|p2a: Ho-Oh|215/272 tox|[from] psn\n|upkeep\n|\n|t:|1683836934\n|switch|p1a: Palkia|Palkia, L74|255/255\n|-ability|p1a: Palkia|Pressure\n|turn|10\n|\n|t:|1683836945\n|move|p1a: Palkia|Spacial Rend|p2a: Ho-Oh\n|-damage|p2a: Ho-Oh|76/272 tox\n|move|p2a: Ho-Oh|Brave Bird|p1a: Palkia\n|-damage|p1a: Palkia|144/255\n|-damage|p2a: Ho-Oh|39/272 tox|[from] Recoil\n|\n|-damage|p2a: Ho-Oh|0 fnt|[from] psn\n|faint|p2a: Ho-Oh\n|upkeep\n|inactive|lauda Mera has 90 seconds left.\n|inactive|lauda Mera has 60 seconds left.\n|inactive|lauda Mera has 30 seconds left.\n|\n|t:|1683837035\n|switch|p2a: Xurkitree|Xurkitree, L76|251/251\n|-damage|p2a: Xurkitree|210/251|[from] Spikes\n|turn|11\n|\n|t:|1683837040\n|move|p1a: Palkia|Spacial Rend|p2a: Xurkitree\n|-damage|p2a: Xurkitree|0 fnt\n|faint|p2a: Xurkitree\n|\n|upkeep\n|inactive|lauda Mera has 30 seconds left.\n|inactive|lauda Mera has 20 seconds left.\n|inactive|lauda Mera has 15 seconds left.\n|inactive|lauda Mera has 10 seconds left.\n|\n|t:|1683837071\n|switch|p2a: Diancie|Diancie, L82|73/216\n|-damage|p2a: Diancie|37/216|[from] Spikes\n|turn|12\n|inactive|lauda Mera has 20 seconds left this turn.\n|\n|t:|1683837075\n|switch|p1a: Dhelmise|Dhelmise, L86|261/261\n|move|p2a: Diancie|Stealth Rock|p1a: Dhelmise\n|-sidestart|p1: Sr1inkyy_|move: Stealth Rock\n|\n|-heal|p2a: Diancie|50/216|[from] item: Leftovers\n|upkeep\n|turn|13\n|inactive|lauda Mera has 30 seconds left this turn.\n|inactive|lauda Mera has 20 seconds left.\n|\n|t:|1683837089\n|move|p2a: Diancie|Diamond Storm|p1a: Dhelmise\n|-damage|p1a: Dhelmise|171/261\n|move|p1a: Dhelmise|Anchor Shot|p2a: Diancie\n|-supereffective|p2a: Diancie\n|-damage|p2a: Diancie|0 fnt\n|faint|p2a: Diancie\n|\n|upkeep\n|inactive|lauda Mera has 25 seconds left this turn.\n|inactive|lauda Mera has 20 seconds left.\n|\n|t:|1683837094\n|switch|p2a: Regidrago|Regidrago, L78|440/440\n|-damage|p2a: Regidrago|367/440|[from] Spikes\n|turn|14\n|inactive|lauda Mera has 30 seconds left this turn.\n|\n|t:|1683837104\n|move|p2a: Regidrago|Dragon Dance|p2a: Regidrago\n|-boost|p2a: Regidrago|atk|1\n|-boost|p2a: Regidrago|spe|1\n|move|p1a: Dhelmise|Swords Dance|p1a: Dhelmise\n|-boost|p1a: Dhelmise|atk|2\n|\n|upkeep\n|turn|15\n|inactive|lauda Mera has 30 seconds left.\n|\n|t:|1683837116\n|-start|p2a: Regidrago|Dynamax|\n|-heal|p2a: Regidrago|734/880|[silent]\n|move|p2a: Regidrago|Max Wyrmwind|p1a: Dhelmise\n|-damage|p1a: Dhelmise|0 fnt\n|faint|p1a: Dhelmise\n|\n|upkeep\n|\n|t:|1683837124\n|switch|p1a: Palkia|Palkia, L74|144/255\n|-damage|p1a: Palkia|113/255|[from] Stealth Rock\n|-ability|p1a: Palkia|Pressure\n|turn|16\n|\n|t:|1683837134\n|-start|p1a: Palkia|Dynamax|\n|-heal|p1a: Palkia|226/510|[silent]\n|move|p2a: Regidrago|Max Wyrmwind|p1a: Palkia\n|-supereffective|p1a: Palkia\n|-damage|p1a: Palkia|0 fnt\n|faint|p1a: Palkia\n|\n|upkeep\n|\n|t:|1683837148\n|switch|p1a: Volcarona|Volcarona, L76, M|254/254\n|turn|17\n|\n|t:|1683837155\n|move|p2a: Regidrago|Max Wyrmwind|p1a: Volcarona\n|-damage|p1a: Volcarona|0 fnt\n|faint|p1a: Volcarona\n|\n|win|lauda Mera\n|raw|Sr1inkyy_'s rating: 1331 &rarr; <strong>1319</strong><br />(-12 for losing)\n|raw|lauda Mera's rating: 1485 &rarr; <strong>1497</strong><br />(+12 for winning)\n", "inputlog": ">version bce759c5f189753f4322d11c9e5aa78bbe1b1bf9\n>start {\"formatid\":\"gen8randombattle\",\"seed\":[59861,38625,55663,9502],\"rated\":\"Rated battle\"}\n>player p1 {\"name\":\"Sr1inkyy_\",\"avatar\":\"rosa\",\"rating\":1331,\"seed\":[10967,5854,44159,48072]}\n>player p2 {\"name\":\"lauda Mera\",\"avatar\":\"hilbert-wonderlauncher\",\"rating\":1469,\"seed\":[31245,38025,28972,10763]}\n>p1 move earthquake\n>p2 move diamondstorm\n>p1 switch 3\n>p1 move focusblast\n>p2 switch 3\n>p1 move focusblast\n>p2 move toxic\n>p1 move focusblast\n>p2 move foulplay\n>p1 move knockoff\n>p2 move roost\n>p1 move focusblast\n>p2 move bravebird\n>p1 switch 2\n>p1 move spikes\n>p2 switch 6\n>p1 move toxic\n>p2 move sacredfire\n>p1 move spikes\n>p2 move bravebird\n>p1 switch 6\n>p1 move spacialrend\n>p2 move bravebird\n>p2 switch 4\n>p1 move spacialrend\n>p2 move hypnosis\n>p2 switch 3\n>p1 switch 5\n>p2 move stealthrock\n>p1 move anchorshot\n>p2 move diamondstorm\n>p2 switch 2\n>p1 move swordsdance\n>p2 move dragondance\n>p1 move anchorshot\n>p2 move outrage dynamax\n>p1 switch 5\n>p1 move dracometeor dynamax\n>p2 move outrage dynamax\n>p1 switch 4\n>p1 move fireblast\n>p2 move outrage dynamax", "uploadtime": 1683837158, "views": 4, "p1id": "sr1inkyy", "p2id": "laudamera", "formatid": "gen8randombattle", "rating": 1319, "private": 0, "password": ""}