{"id": "gen8randombattle-1873670158", "p1": "La.hellhound", "p2": "sipcysoupman", "format": "[Gen 8] Random Battle", "log": "|j|\u2606La.hellhound\n|j|\u2606sipcysoupman\n|t:|1685403860\n|gametype|singles\n|player|p1|La.hellhound|bruno|1443\n|player|p2|sipcysoupman|cynthia|1389\n|teamsize|p1|6\n|teamsize|p2|6\n|gen|8\n|tier|[Gen 8] Random Battle\n|rated|\n|rule|Species Clause: Limit one of each Pok\u00e9mon\n|rule|HP Percentage Mod: HP is shown in percentages\n|rule|Sleep Clause Mod: Limit one foe put to sleep\n|\n|t:|1685403860\n|start\n|switch|p1a: Marowak|Marowak, L86, F|243/243\n|switch|p2a: Rapidash|Rapidash-Galar, L84, M|246/246\n|turn|1\n|inactive|Battle timer is ON: inactive players will automatically lose when time's up. (requested by sipcysoupman)\n|inactive|sipcysoupman has 120 seconds left.\n|\n|t:|1685403893\n|switch|p2a: Politoed|Politoed, L86, M|295/295\n|-weather|RainDance|[from] ability: Drizzle|[of] p2a: Politoed\n|move|p1a: Marowak|Earthquake|p2a: Politoed\n|-damage|p2a: Politoed|72/295\n|\n|-weather|RainDance|[upkeep]\n|upkeep\n|turn|2\n|\n|t:|1685403904\n|switch|p1a: Azumarill|Azumarill, L84, F|305/305\n|move|p2a: Politoed|Rest|p2a: Politoed\n|-status|p2a: Politoed|slp|[from] move: Rest\n|-heal|p2a: Politoed|295/295 slp|[silent]\n|-enditem|p2a: Politoed|Chesto Berry|[eat]\n|-curestatus|p2a: Politoed|slp|[msg]\n|\n|-weather|RainDance|[upkeep]\n|upkeep\n|turn|3\n|\n|t:|1685403913\n|move|p2a: Politoed|Toxic|p1a: Azumarill\n|-status|p1a: Azumarill|tox\n|move|p1a: Azumarill|Play Rough|p2a: Politoed\n|-damage|p2a: Politoed|105/295\n|\n|-weather|RainDance|[upkeep]\n|-damage|p1a: Azumarill|286/305 tox|[from] psn\n|upkeep\n|turn|4\n|\n|t:|1685403921\n|switch|p2a: Magearna|Magearna-Original, L76|247/247\n|move|p1a: Azumarill|Play Rough|p2a: Magearna\n|-resisted|p2a: Magearna\n|-damage|p2a: Magearna|170/247\n|\n|-weather|RainDance|[upkeep]\n|-heal|p2a: Magearna|185/247|[from] item: Leftovers\n|-damage|p1a: Azumarill|248/305 tox|[from] psn\n|upkeep\n|turn|5\n|\n|t:|1685403930\n|switch|p1a: Solgaleo|Solgaleo, L72|316/316\n|move|p2a: Magearna|Calm Mind|p2a: Magearna\n|-boost|p2a: Magearna|spa|1\n|-boost|p2a: Magearna|spd|1\n|\n|-weather|none\n|-heal|p2a: Magearna|200/247|[from] item: Leftovers\n|upkeep\n|turn|6\n|\n|t:|1685403944\n|switch|p2a: Thievul|Thievul, L86, F|261/261\n|move|p1a: Solgaleo|Sunsteel Strike|p2a: Thievul\n|-damage|p2a: Thievul|128/261\n|\n|upkeep\n|turn|7\n|\n|t:|1685403950\n|move|p1a: Solgaleo|Sunsteel Strike|p2a: Thievul\n|-damage|p2a: Thievul|0 fnt\n|faint|p2a: Thievul\n|\n|upkeep\n|\n|t:|1685403957\n|switch|p2a: Marshadow|Marshadow, L70|242/242\n|turn|8\n|inactive|La.hellhound has 120 seconds left.\n|\n|t:|1685403996\n|switch|p1a: Kangaskhan|Kangaskhan, L84, F|314/314\n|move|p2a: Marshadow|Bulk Up|p2a: Marshadow\n|-boost|p2a: Marshadow|atk|1\n|-boost|p2a: Marshadow|def|1\n|\n|upkeep\n|turn|9\n|inactive|La.hellhound has 120 seconds left.\n|\n|t:|1685404005\n|move|p1a: Kangaskhan|Fake Out|p2a: Marshadow\n|-damage|p2a: Marshadow|203/242\n|cant|p2a: Marshadow|flinch\n|\n|upkeep\n|turn|10\n|inactive|La.hellhound has 120 seconds left.\n|\n|t:|1685404018\n|switch|p1a: Gourgeist|Gourgeist-Super, L84, M|280/280\n|-item|p2a: Marshadow|Life Orb|[from] ability: Frisk|[of] p1a: Gourgeist|[identify]\n|move|p2a: Marshadow|Close Combat|p1a: Gourgeist\n|-immune|p1a: Gourgeist\n|\n|upkeep\n|turn|11\n|\n|t:|1685404027\n|switch|p1a: Kangaskhan|Kangaskhan, L84, F|314/314\n|move|p2a: Marshadow|Spectral Thief|p1a: Kangaskhan\n|-immune|p1a: Kangaskhan\n|\n|upkeep\n|turn|12\n|\n|t:|1685404041\n|move|p1a: Kangaskhan|Fake Out|p2a: Marshadow\n|-damage|p2a: Marshadow|164/242\n|cant|p2a: Marshadow|flinch\n|\n|upkeep\n|turn|13\n|\n|t:|1685404052\n|switch|p1a: Azumarill|Azumarill, L84, F|248/305 tox\n|move|p2a: Marshadow|Close Combat|p1a: Azumarill\n|-resisted|p1a: Azumarill\n|-damage|p1a: Azumarill|138/305 tox\n|-unboost|p2a: Marshadow|def|1\n|-unboost|p2a: Marshadow|spd|1\n|-damage|p2a: Marshadow|140/242|[from] item: Life Orb\n|\n|-damage|p1a: Azumarill|119/305 tox|[from] psn\n|upkeep\n|turn|14\n|\n|t:|1685404066\n|move|p1a: Azumarill|Aqua Jet|p2a: Marshadow\n|-damage|p2a: Marshadow|40/242\n|move|p2a: Marshadow|Spectral Thief|p1a: Azumarill\n|-crit|p1a: Azumarill\n|-damage|p1a: Azumarill|0 fnt\n|faint|p1a: Azumarill\n|-damage|p2a: Marshadow|16/242|[from] item: Life Orb\n|\n|upkeep\n|inactive|La.hellhound has 120 seconds left.\n|\n|t:|1685404077\n|switch|p1a: Kangaskhan|Kangaskhan, L84, F|314/314\n|turn|15\n|\n|t:|1685404084\n|switch|p2a: Stonjourner|Stonjourner, L88, M|319/319\n|move|p1a: Kangaskhan|Fake Out|p2a: Stonjourner\n|-resisted|p2a: Stonjourner\n|-damage|p2a: Stonjourner|304/319\n|\n|upkeep\n|turn|16\n|\n|t:|1685404091\n|move|p1a: Kangaskhan|Earthquake|p2a: Stonjourner\n|-supereffective|p2a: Stonjourner\n|-damage|p2a: Stonjourner|206/319\n|move|p2a: Stonjourner|Earthquake|p1a: Kangaskhan\n|-crit|p1a: Kangaskhan\n|-damage|p1a: Kangaskhan|107/314\n|-damage|p2a: Stonjourner|175/319|[from] item: Life Orb\n|\n|upkeep\n|turn|17\n|\n|t:|1685404098\n|switch|p1a: Gourgeist|Gourgeist-Super, L84, M|280/280\n|-item|p2a: Stonjourner|Life Orb|[from] ability: Frisk|[of] p1a: Gourgeist|[identify]\n|move|p2a: Stonjourner|Earthquake|p1a: Gourgeist\n|-resisted|p1a: Gourgeist\n|-damage|p1a: Gourgeist|231/280\n|-damage|p2a: Stonjourner|144/319|[from] item: Life Orb\n|\n|upkeep\n|turn|18\n|\n|t:|1685404117\n|move|p2a: Stonjourner|Heat Crash|p1a: Gourgeist\n|-supereffective|p1a: Gourgeist\n|-damage|p1a: Gourgeist|7/280\n|-damage|p2a: Stonjourner|113/319|[from] item: Life Orb\n|move|p1a: Gourgeist|Trick Room|p1a: Gourgeist\n|-fieldstart|move: Trick Room|[of] p1a: Gourgeist\n|\n|upkeep\n|turn|19\n|\n|t:|1685404125\n|switch|p2a: Rapidash|Rapidash-Galar, L84, M|246/246\n|move|p1a: Gourgeist|Power Whip|p2a: Rapidash\n|-damage|p2a: Rapidash|34/246\n|-damage|p1a: Gourgeist|0 fnt|[from] item: Life Orb\n|faint|p1a: Gourgeist\n|\n|upkeep\n|c|\u2606La.hellhound|I LOVE IT\n|\n|t:|1685404145\n|switch|p1a: Hatterene|Hatterene, L86, F|238/238\n|turn|20\n|\n|t:|1685404149\n|move|p1a: Hatterene|Dazzling Gleam|p2a: Rapidash\n|-damage|p2a: Rapidash|0 fnt\n|faint|p2a: Rapidash\n|\n|upkeep\n|\n|t:|1685404158\n|switch|p2a: Magearna|Magearna-Original, L76|200/247\n|turn|21\n|\n|t:|1685404163\n|-start|p1a: Hatterene|Dynamax|Gmax\n|-heal|p1a: Hatterene|476/476|[silent]\n|move|p1a: Hatterene|Max Flare|p2a: Magearna\n|-supereffective|p2a: Magearna\n|-damage|p2a: Magearna|0 fnt\n|-weather|SunnyDay\n|faint|p2a: Magearna\n|\n|-weather|SunnyDay|[upkeep]\n|upkeep\n|\n|t:|1685404168\n|switch|p2a: Politoed|Politoed, L86, M|105/295\n|-weather|RainDance|[from] ability: Drizzle|[of] p2a: Politoed\n|turn|22\n|\n|t:|1685404177\n|move|p1a: Hatterene|G-Max Smite|p2a: Politoed\n|-damage|p2a: Politoed|0 fnt\n|faint|p2a: Politoed\n|\n|-weather|RainDance|[upkeep]\n|-fieldend|move: Trick Room\n|upkeep\n|\n|t:|1685404179\n|switch|p2a: Marshadow|Marshadow, L70|16/242\n|turn|23\n|\n|t:|1685404187\n|-start|p2a: Marshadow|Dynamax|\n|-heal|p2a: Marshadow|32/484|[silent]\n|move|p2a: Marshadow|Max Guard|p2a: Marshadow\n|-singleturn|p2a: Marshadow|Max Guard\n|move|p1a: Hatterene|G-Max Smite|p2a: Marshadow\n|-activate|p2a: Marshadow|move: Max Guard\n|\n|-weather|RainDance|[upkeep]\n|upkeep\n|-end|p1a: Hatterene|Dynamax\n|-heal|p1a: Hatterene|238/238|[silent]\n|turn|24\n|\n|t:|1685404201\n|move|p2a: Marshadow|Max Phantasm|p1a: Hatterene\n|-supereffective|p1a: Hatterene\n|-crit|p1a: Hatterene\n|-damage|p1a: Hatterene|0 fnt\n|faint|p1a: Hatterene\n|-damage|p2a: Marshadow|8/484|[from] item: Life Orb\n|\n|-weather|RainDance|[upkeep]\n|upkeep\n|\n|t:|1685404212\n|switch|p1a: Solgaleo|Solgaleo, L72|316/316\n|turn|25\n|c|\u2606La.hellhound|wp\n|\n|t:|1685404234\n|move|p1a: Solgaleo|Sunsteel Strike|p2a: Marshadow\n|-damage|p2a: Marshadow|0 fnt\n|faint|p2a: Marshadow\n|\n|-weather|RainDance|[upkeep]\n|upkeep\n|\n|t:|1685404239\n|switch|p2a: Stonjourner|Stonjourner, L88, M|113/319\n|turn|26\n|\n|t:|1685404242\n|move|p1a: Solgaleo|Sunsteel Strike|p2a: Stonjourner\n|-supereffective|p2a: Stonjourner\n|-damage|p2a: Stonjourner|0 fnt\n|faint|p2a: Stonjourner\n|\n|win|La.hellhound\n|raw|La.hellhound's rating: 1443 &rarr; <strong>1460</strong><br />(+17 for winning)\n|raw|sipcysoupman's rating: 1389 &rarr; <strong>1372</strong><br />(-17 for losing)\n|l|\u2606sipcysoupman\n", "inputlog": ">version 6fec31d5a0d4498a06105aa188c9906bc0b6bf95\n>start {\"formatid\":\"gen8randombattle\",\"seed\":[8073,30051,15496,18128],\"rated\":\"Rated battle\"}\n>player p1 {\"name\":\"La.hellhound\",\"avatar\":\"bruno\",\"rating\":1443,\"seed\":[65101,58942,3118,55163]}\n>player p2 {\"name\":\"sipcysoupman\",\"avatar\":\"cynthia\",\"rating\":1389,\"seed\":[34084,59137,36548,52312]}\n>p1 move earthquake\n>p2 switch 2\n>p1 switch 2\n>p2 move rest\n>p1 move playrough\n>p2 move toxic\n>p1 move playrough\n>p2 switch 6\n>p1 switch 6\n>p2 move calmmind\n>p1 move sunsteelstrike\n>p2 switch 3\n>p1 move sunsteelstrike\n>p2 move darkpulse\n>p2 switch 5\n>p1 switch 5\n>p2 move bulkup\n>p1 move fakeout\n>p2 move closecombat\n>p1 switch 4\n>p2 move closecombat\n>p1 switch 4\n>p2 move spectralthief\n>p1 move fakeout\n>p2 move closecombat\n>p1 switch 6\n>p2 move closecombat\n>p1 move aquajet\n>p2 move spectralthief\n>p1 switch 6\n>p1 move fakeout\n>p2 switch 4\n>p1 move earthquake\n>p2 move earthquake\n>p1 switch 4\n>p2 move earthquake\n>p1 move trickroom\n>p2 move heatcrash\n>p1 move powerwhip\n>p2 switch 2\n>chat \u2606La.hellhound|I LOVE IT\n>p1 switch 3\n>p1 move dazzlinggleam\n>p2 move playrough\n>p2 switch 3\n>p1 move mysticalfire dynamax\n>p2 move calmmind\n>p2 switch 6\n>p1 move dazzlinggleam dynamax\n>p2 move scald\n>p2 switch 4\n>p1 move dazzlinggleam dynamax\n>p2 move bulkup dynamax\n>p1 move dazzlinggleam\n>p2 move spectralthief dynamax\n>p1 switch 5\n>chat \u2606La.hellhound|wp\n>p1 move sunsteelstrike\n>p2 move closecombat dynamax\n>p2 switch 2\n>p1 move sunsteelstrike\n>p2 move rockpolish", "uploadtime": 1685404249, "views": 3, "p1id": "lahellhound", "p2id": "sipcysoupman", "formatid": "gen8randombattle", "rating": 1372, "private": 0, "password": ""}