{"id": "gen8randombattle-1865623439", "p1": "MikiBey", "p2": "hahaua", "format": "[Gen 8] Random Battle", "log": "|j|\u2606MikiBey\n|j|\u2606hahaua\n|t:|1684319811\n|gametype|singles\n|player|p1|MikiBey|caitlin|1522\n|player|p2|hahaua|1|1459\n|teamsize|p1|6\n|teamsize|p2|6\n|gen|8\n|tier|[Gen 8] Random Battle\n|rated|\n|rule|Species Clause: Limit one of each Pok\u00e9mon\n|rule|HP Percentage Mod: HP is shown in percentages\n|rule|Sleep Clause Mod: Limit one foe put to sleep\n|\n|t:|1684319811\n|start\n|switch|p1a: Lilligant|Lilligant, L84, F|255/255\n|switch|p2a: Jolteon|Jolteon, L82, M|241/241\n|turn|1\n|inactive|Battle timer is ON: inactive players will automatically lose when time's up. (requested by hahaua)\n|\n|t:|1684319826\n|move|p2a: Jolteon|Hyper Voice|p1a: Lilligant\n|-damage|p1a: Lilligant|147/255\n|move|p1a: Lilligant|Sleep Powder|p2a: Jolteon\n|-status|p2a: Jolteon|slp|[from] move: Sleep Powder\n|\n|-heal|p1a: Lilligant|162/255|[from] item: Leftovers\n|upkeep\n|turn|2\n|\n|t:|1684319829\n|switch|p2a: Blissey|Blissey, L83, F|559/559\n|move|p1a: Lilligant|Quiver Dance|p1a: Lilligant\n|-boost|p1a: Lilligant|spa|1\n|-boost|p1a: Lilligant|spd|1\n|-boost|p1a: Lilligant|spe|1\n|\n|-heal|p1a: Lilligant|177/255|[from] item: Leftovers\n|upkeep\n|turn|3\n|\n|t:|1684319836\n|switch|p1a: Bronzong|Bronzong, L83|247/247\n|move|p2a: Blissey|Toxic|p1a: Bronzong\n|-immune|p1a: Bronzong\n|\n|upkeep\n|turn|4\n|\n|t:|1684319845\n|switch|p2a: Cobalion|Cobalion, L78|270/270\n|move|p1a: Bronzong|Stealth Rock|p2a: Cobalion\n|-sidestart|p2: hahaua|move: Stealth Rock\n|\n|upkeep\n|turn|5\n|\n|t:|1684319851\n|move|p2a: Cobalion|Iron Head|p1a: Bronzong\n|-resisted|p1a: Bronzong\n|-damage|p1a: Bronzong|220/247\n|move|p1a: Bronzong|Earthquake|p2a: Cobalion\n|-supereffective|p2a: Cobalion\n|-damage|p2a: Cobalion|160/270\n|\n|-heal|p1a: Bronzong|235/247|[from] item: Leftovers\n|upkeep\n|turn|6\n|\n|t:|1684319858\n|switch|p1a: Torkoal|Torkoal, L86, M|261/261\n|-weather|SunnyDay|[from] ability: Drought|[of] p1a: Torkoal\n|move|p2a: Cobalion|Volt Switch|p1a: Torkoal\n|-damage|p1a: Torkoal|214/261\n|\n|t:|1684319869\n|switch|p2a: Blissey|Blissey, L83, F|559/559|[from] Volt Switch\n|-damage|p2a: Blissey|490/559|[from] Stealth Rock\n|\n|-weather|SunnyDay|[upkeep]\n|-heal|p2a: Blissey|524/559|[from] item: Leftovers\n|upkeep\n|turn|7\n|\n|t:|1684319878\n|switch|p1a: Bronzong|Bronzong, L83|235/247\n|move|p2a: Blissey|Seismic Toss|p1a: Bronzong\n|-damage|p1a: Bronzong|152/247\n|\n|-weather|SunnyDay|[upkeep]\n|-heal|p2a: Blissey|558/559|[from] item: Leftovers\n|-heal|p1a: Bronzong|167/247|[from] item: Leftovers\n|upkeep\n|turn|8\n|\n|t:|1684319883\n|move|p2a: Blissey|Seismic Toss|p1a: Bronzong\n|-damage|p1a: Bronzong|84/247\n|move|p1a: Bronzong|Earthquake|p2a: Blissey\n|-damage|p2a: Blissey|343/559\n|\n|-weather|SunnyDay|[upkeep]\n|-heal|p2a: Blissey|377/559|[from] item: Leftovers\n|-heal|p1a: Bronzong|99/247|[from] item: Leftovers\n|upkeep\n|turn|9\n|\n|t:|1684319890\n|switch|p1a: Giratina|Giratina, L74|344/344\n|-ability|p1a: Giratina|Pressure\n|move|p2a: Blissey|Seismic Toss|p1a: Giratina\n|-immune|p1a: Giratina\n|\n|-weather|SunnyDay|[upkeep]\n|-heal|p2a: Blissey|411/559|[from] item: Leftovers\n|upkeep\n|turn|10\n|\n|t:|1684319901\n|switch|p1a: Bronzong|Bronzong, L83|99/247\n|move|p2a: Blissey|Toxic|p1a: Bronzong\n|-immune|p1a: Bronzong\n|\n|-weather|none\n|-heal|p2a: Blissey|445/559|[from] item: Leftovers\n|-heal|p1a: Bronzong|114/247|[from] item: Leftovers\n|upkeep\n|turn|11\n|\n|t:|1684319907\n|move|p2a: Blissey|Toxic|p1a: Bronzong\n|-immune|p1a: Bronzong\n|move|p1a: Bronzong|Iron Head|p2a: Blissey\n|-damage|p2a: Blissey|196/559\n|\n|-heal|p2a: Blissey|230/559|[from] item: Leftovers\n|-heal|p1a: Bronzong|129/247|[from] item: Leftovers\n|upkeep\n|turn|12\n|\n|t:|1684319913\n|move|p2a: Blissey|Soft-Boiled|p2a: Blissey\n|-heal|p2a: Blissey|510/559\n|move|p1a: Bronzong|Iron Head|p2a: Blissey\n|-damage|p2a: Blissey|266/559\n|\n|-heal|p2a: Blissey|300/559|[from] item: Leftovers\n|-heal|p1a: Bronzong|144/247|[from] item: Leftovers\n|upkeep\n|turn|13\n|\n|t:|1684319916\n|move|p2a: Blissey|Soft-Boiled|p2a: Blissey\n|-heal|p2a: Blissey|559/559\n|move|p1a: Bronzong|Iron Head|p2a: Blissey\n|-damage|p2a: Blissey|336/559\n|\n|-heal|p2a: Blissey|370/559|[from] item: Leftovers\n|-heal|p1a: Bronzong|159/247|[from] item: Leftovers\n|upkeep\n|turn|14\n|\n|t:|1684319918\n|move|p2a: Blissey|Seismic Toss|p1a: Bronzong\n|-damage|p1a: Bronzong|76/247\n|move|p1a: Bronzong|Toxic|p2a: Blissey\n|-status|p2a: Blissey|tox\n|\n|-heal|p2a: Blissey|404/559 tox|[from] item: Leftovers\n|-heal|p1a: Bronzong|91/247|[from] item: Leftovers\n|-damage|p2a: Blissey|370/559 tox|[from] psn\n|upkeep\n|turn|15\n|\n|t:|1684319924\n|-curestatus|p2a: Blissey|tox|[from] ability: Natural Cure\n|switch|p2a: Cobalion|Cobalion, L78|160/270\n|-damage|p2a: Cobalion|152/270|[from] Stealth Rock\n|move|p1a: Bronzong|Earthquake|p2a: Cobalion\n|-supereffective|p2a: Cobalion\n|-damage|p2a: Cobalion|48/270\n|\n|-heal|p1a: Bronzong|106/247|[from] item: Leftovers\n|upkeep\n|turn|16\n|\n|t:|1684319933\n|switch|p1a: Torkoal|Torkoal, L86, M|214/261\n|-weather|SunnyDay|[from] ability: Drought|[of] p1a: Torkoal\n|move|p2a: Cobalion|Volt Switch|p1a: Torkoal\n|-damage|p1a: Torkoal|166/261\n|\n|t:|1684319942\n|switch|p2a: Blissey|Blissey, L83, F|370/559|[from] Volt Switch\n|-damage|p2a: Blissey|301/559|[from] Stealth Rock\n|\n|-weather|SunnyDay|[upkeep]\n|-heal|p2a: Blissey|335/559|[from] item: Leftovers\n|upkeep\n|turn|17\n|\n|t:|1684319947\n|move|p2a: Blissey|Toxic|p1a: Torkoal\n|-status|p1a: Torkoal|tox\n|move|p1a: Torkoal|Earthquake|p2a: Blissey\n|-damage|p2a: Blissey|117/559\n|\n|-weather|SunnyDay|[upkeep]\n|-heal|p2a: Blissey|151/559|[from] item: Leftovers\n|-damage|p1a: Torkoal|150/261 tox|[from] psn\n|upkeep\n|turn|18\n|\n|t:|1684319951\n|switch|p1a: Bronzong|Bronzong, L83|106/247\n|move|p2a: Blissey|Soft-Boiled|p2a: Blissey\n|-heal|p2a: Blissey|431/559\n|\n|-weather|SunnyDay|[upkeep]\n|-heal|p2a: Blissey|465/559|[from] item: Leftovers\n|-heal|p1a: Bronzong|121/247|[from] item: Leftovers\n|upkeep\n|turn|19\n|\n|t:|1684319954\n|move|p2a: Blissey|Seismic Toss|p1a: Bronzong\n|-damage|p1a: Bronzong|38/247\n|move|p1a: Bronzong|Toxic|p2a: Blissey|[miss]\n|-miss|p1a: Bronzong|p2a: Blissey\n|\n|-weather|SunnyDay|[upkeep]\n|-heal|p2a: Blissey|499/559|[from] item: Leftovers\n|-heal|p1a: Bronzong|53/247|[from] item: Leftovers\n|upkeep\n|turn|20\n|\n|t:|1684319958\n|move|p2a: Blissey|Seismic Toss|p1a: Bronzong\n|-damage|p1a: Bronzong|0 fnt\n|faint|p1a: Bronzong\n|\n|-weather|none\n|-heal|p2a: Blissey|533/559|[from] item: Leftovers\n|upkeep\n|\n|t:|1684319969\n|switch|p1a: Kangaskhan|Kangaskhan, L84, F|314/314\n|turn|21\n|\n|t:|1684319984\n|switch|p2a: Walrein|Walrein, L86, F|329/329\n|-damage|p2a: Walrein|247/329|[from] Stealth Rock\n|move|p1a: Kangaskhan|Fake Out|p2a: Walrein\n|-damage|p2a: Walrein|208/329\n|\n|-heal|p2a: Walrein|228/329|[from] item: Leftovers\n|upkeep\n|turn|22\n|\n|t:|1684319994\n|switch|p1a: Slowking|Slowking, L86, F|304/304\n|move|p2a: Walrein|Toxic|p1a: Slowking\n|-status|p1a: Slowking|tox\n|\n|-heal|p2a: Walrein|248/329|[from] item: Leftovers\n|-damage|p1a: Slowking|285/304 tox|[from] psn\n|upkeep\n|turn|23\n|\n|t:|1684319999\n|move|p2a: Walrein|Ice Beam|p1a: Slowking\n|-resisted|p1a: Slowking\n|-damage|p1a: Slowking|248/304 tox\n|move|p1a: Slowking|Teleport|p1a: Slowking\n|\n|t:|1684320008\n|switch|p1a: Lilligant|Lilligant, L84, F|177/255|[from] Teleport\n|\n|-heal|p1a: Lilligant|192/255|[from] item: Leftovers\n|-heal|p2a: Walrein|268/329|[from] item: Leftovers\n|upkeep\n|turn|24\n|\n|t:|1684320013\n|switch|p1a: Kangaskhan|Kangaskhan, L84, F|314/314\n|move|p2a: Walrein|Ice Beam|p1a: Kangaskhan\n|-damage|p1a: Kangaskhan|245/314\n|\n|-heal|p2a: Walrein|288/329|[from] item: Leftovers\n|upkeep\n|turn|25\n|\n|t:|1684320017\n|move|p2a: Walrein|Protect|p2a: Walrein\n|-singleturn|p2a: Walrein|Protect\n|move|p1a: Kangaskhan|Fake Out|p2a: Walrein\n|-activate|p2a: Walrein|move: Protect\n|\n|-heal|p2a: Walrein|308/329|[from] item: Leftovers\n|upkeep\n|turn|26\n|\n|t:|1684320020\n|move|p1a: Kangaskhan|Double-Edge|p2a: Walrein\n|-damage|p2a: Walrein|193/329\n|-damage|p1a: Kangaskhan|207/314|[from] Recoil\n|move|p2a: Walrein|Toxic|p1a: Kangaskhan\n|-status|p1a: Kangaskhan|tox\n|\n|-heal|p2a: Walrein|213/329|[from] item: Leftovers\n|-damage|p1a: Kangaskhan|188/314 tox|[from] psn\n|upkeep\n|turn|27\n|-message|MikiBey forfeited.\n|\n|win|hahaua\n|raw|MikiBey's rating: 1522 &rarr; <strong>1498</strong><br />(-24 for losing)\n|raw|hahaua's rating: 1459 &rarr; <strong>1483</strong><br />(+24 for winning)\n|l|\u2606MikiBey\n", "inputlog": ">version 3f967b429d9dd76d8eb692efdd7dfe9038092d20\n>start {\"formatid\":\"gen8randombattle\",\"seed\":[44933,30641,61511,30927],\"rated\":\"Rated battle\"}\n>player p1 {\"name\":\"MikiBey\",\"avatar\":\"caitlin\",\"rating\":1522,\"seed\":[21634,31868,38418,45632]}\n>player p2 {\"name\":\"hahaua\",\"avatar\":\"1\",\"rating\":1459,\"seed\":[24462,46641,49843,61033]}\n>p1 move sleeppowder\n>p2 move hypervoice\n>p1 move quiverdance\n>p2 switch 5\n>p1 switch 6\n>p2 move toxic\n>p1 move stealthrock\n>p2 switch 2\n>p1 move earthquake\n>p2 move ironhead\n>p1 switch 2\n>p2 move voltswitch\n>p2 switch 2\n>p1 switch 2\n>p2 move seismictoss\n>p1 move earthquake\n>p2 move seismictoss\n>p1 switch 5\n>p2 move seismictoss\n>p1 switch 5\n>p2 move toxic\n>p1 move ironhead\n>p2 move toxic\n>p1 move ironhead\n>p2 move softboiled\n>p1 move ironhead\n>p2 move softboiled\n>p1 move toxic\n>p2 move seismictoss\n>p1 move earthquake\n>p2 switch 2\n>p1 switch 2\n>p2 move voltswitch\n>p2 switch 2\n>p1 move earthquake\n>p2 move toxic\n>p1 switch 2\n>p2 move softboiled\n>p1 move toxic\n>p2 move seismictoss\n>p1 move earthquake\n>p2 move seismictoss\n>p1 switch 3\n>p1 move fakeout\n>p2 switch 3\n>p1 switch 4\n>p2 move toxic\n>p1 move teleport\n>p2 move icebeam\n>p1 switch 6\n>p1 switch 4\n>p2 move icebeam\n>p1 move fakeout\n>p2 move protect\n>p1 move doubleedge\n>p2 move toxic\n>forcelose p1", "uploadtime": 1684320047, "views": 6, "p1id": "mikibey", "p2id": "hahaua", "formatid": "gen8randombattle", "rating": 1483, "private": 0, "password": ""}