|j|☆sanesitoo
|j|☆Julia Cat
|t:|1685283152
|gametype|singles
|player|p1|sanesitoo|265|1161
|player|p2|Julia Cat|169|1000
|teamsize|p1|6
|teamsize|p2|6
|gen|8
|tier|[Gen 8] Random Battle
|rated|
|rule|Species Clause: Limit one of each Pokémon
|rule|HP Percentage Mod: HP is shown in percentages
|rule|Sleep Clause Mod: Limit one foe put to sleep
|
|t:|1685283152
|start
|switch|p1a: Rotom|Rotom-Fan, L84|221/221
|switch|p2a: Drapion|Drapion, L82, F|249/249
|turn|1
|inactive|Battle timer is ON: inactive players will automatically lose when time's up. (requested by sanesitoo)
|
|t:|1685283180
|move|p2a: Drapion|Poison Jab|p1a: Rotom
|-crit|p1a: Rotom
|-damage|p1a: Rotom|40/221
|-status|p1a: Rotom|psn
|-damage|p2a: Drapion|225/249|[from] item: Life Orb
|move|p1a: Rotom|Volt Switch|p2a: Drapion
|-damage|p2a: Drapion|131/249
|inactive|sanesitoo has 120 seconds left.
|
|t:|1685283213
|switch|p1a: Zeraora|Zeraora, L76|259/259|[from] Volt Switch
|
|upkeep
|turn|2
|inactive|sanesitoo has 120 seconds left.
|
|t:|1685283232
|move|p1a: Zeraora|Volt Switch|p2a: Drapion
|-damage|p2a: Drapion|52/249
|
|t:|1685283235
|switch|p1a: Scolipede|Scolipede, L80, F|227/227|[from] Volt Switch
|move|p2a: Drapion|Toxic Spikes|p1a: Scolipede
|-sidestart|p1: sanesitoo|move: Toxic Spikes
|
|upkeep
|turn|3
|
|t:|1685283245
|move|p1a: Scolipede|Toxic Spikes|p2a: Drapion
|-sidestart|p2: Julia Cat|move: Toxic Spikes
|move|p2a: Drapion|Earthquake|p1a: Scolipede
|-damage|p1a: Scolipede|140/227
|-damage|p2a: Drapion|28/249|[from] item: Life Orb
|
|-ability|p1a: Scolipede|Speed Boost|boost
|-boost|p1a: Scolipede|spe|1
|upkeep
|turn|4
|
|t:|1685283270
|move|p1a: Scolipede|Earthquake|p2a: Drapion
|-supereffective|p2a: Drapion
|-damage|p2a: Drapion|0 fnt
|faint|p2a: Drapion
|
|-ability|p1a: Scolipede|Speed Boost|boost
|-boost|p1a: Scolipede|spe|1
|upkeep
|inactive|Julia Cat has 120 seconds left.
|
|t:|1685283289
|switch|p2a: Solgaleo|Solgaleo, L72|316/316
|turn|5
|inactive|Julia Cat has 120 seconds left.
|c|☆sanesitoo|cmon julia
|
|t:|1685283310
|move|p1a: Scolipede|Earthquake|p2a: Solgaleo
|-supereffective|p2a: Solgaleo
|-crit|p2a: Solgaleo
|-damage|p2a: Solgaleo|116/316
|move|p2a: Solgaleo|Sunsteel Strike|p1a: Scolipede
|-damage|p1a: Scolipede|35/227
|
|-ability|p1a: Scolipede|Speed Boost|boost
|-boost|p1a: Scolipede|spe|1
|upkeep
|turn|6
|c|☆sanesitoo|COME ON DAMN
|
|t:|1685283335
|switch|p2a: Heliolisk|Heliolisk, L82, M|236/236
|-status|p2a: Heliolisk|psn
|move|p1a: Scolipede|Earthquake|p2a: Heliolisk
|-supereffective|p2a: Heliolisk
|-damage|p2a: Heliolisk|38/236 psn
|
|-damage|p2a: Heliolisk|9/236 psn|[from] psn
|-ability|p1a: Scolipede|Speed Boost|boost
|-boost|p1a: Scolipede|spe|1
|upkeep
|turn|7
|c|☆sanesitoo|slow ass brain
|inactive|Julia Cat has 90 seconds left.
|
|t:|1685283360
|move|p1a: Scolipede|Poison Jab|p2a: Heliolisk
|-damage|p2a: Heliolisk|0 fnt
|faint|p2a: Heliolisk
|
|-ability|p1a: Scolipede|Speed Boost|boost
|-boost|p1a: Scolipede|spe|1
|upkeep
|c|☆sanesitoo|yeah u better be quick
|
|t:|1685283376
|switch|p2a: Miltank|Miltank, L84, F|297/297
|-status|p2a: Miltank|psn
|turn|8
|
|t:|1685283397
|move|p1a: Scolipede|Megahorn|p2a: Miltank
|-damage|p2a: Miltank|198/297 psn
|move|p2a: Miltank|Body Slam|p1a: Scolipede
|-damage|p1a: Scolipede|0 fnt
|faint|p1a: Scolipede
|
|-heal|p2a: Miltank|216/297 psn|[from] item: Leftovers
|-damage|p2a: Miltank|179/297 psn|[from] psn
|upkeep
|
|t:|1685283408
|switch|p1a: Type: Null|Type: Null, L86|304/304
|-status|p1a: Type: Null|psn
|turn|9
|inactive|Julia Cat has 60 seconds left.
|c|☆sanesitoo|COME OOOOOOOOOOOOOOOOOOOOOON
|
|t:|1685283441
|move|p2a: Miltank|Body Slam|p1a: Type: Null
|-damage|p1a: Type: Null|253/304 psn
|move|p1a: Type: Null|Swords Dance|p1a: Type: Null
|-boost|p1a: Type: Null|atk|2
|
|-heal|p2a: Miltank|197/297 psn|[from] item: Leftovers
|-damage|p2a: Miltank|160/297 psn|[from] psn
|-damage|p1a: Type: Null|215/304 psn|[from] psn
|upkeep
|turn|10
|c|☆sanesitoo|yo dumb fuck come on
|
|t:|1685283452
|move|p2a: Miltank|Body Slam|p1a: Type: Null
|-damage|p1a: Type: Null|170/304 psn
|move|p1a: Type: Null|Crush Claw|p2a: Miltank
|-damage|p2a: Miltank|13/297 psn
|-unboost|p2a: Miltank|def|1
|
|-heal|p2a: Miltank|31/297 psn|[from] item: Leftovers
|-damage|p2a: Miltank|0 fnt|[from] psn
|faint|p2a: Miltank
|-damage|p1a: Type: Null|132/304 psn|[from] psn
|upkeep
|
|t:|1685283474
|switch|p2a: Shiinotic|Shiinotic, L86, F|243/243
|-status|p2a: Shiinotic|psn
|turn|11
|
|t:|1685283484
|move|p1a: Type: Null|Rest|p1a: Type: Null
|-status|p1a: Type: Null|slp|[from] move: Rest
|-heal|p1a: Type: Null|304/304 slp|[silent]
|move|p2a: Shiinotic|Moonblast|p1a: Type: Null
|-damage|p1a: Type: Null|247/304 slp
|-unboost|p1a: Type: Null|spa|1
|
|-damage|p2a: Shiinotic|213/243 psn|[from] psn
|upkeep
|turn|12
|
|t:|1685283496
|cant|p1a: Type: Null|slp
|move|p1a: Type: Null|Sleep Talk|p1a: Type: Null
|move|p1a: Type: Null|Swords Dance|p1a: Type: Null|[from]move: Sleep Talk
|-boost|p1a: Type: Null|atk|2
|move|p2a: Shiinotic|Energy Ball|p1a: Type: Null
|-damage|p1a: Type: Null|189/304 slp
|-unboost|p1a: Type: Null|spd|1
|
|-heal|p2a: Shiinotic|228/243 psn|[from] item: Leftovers
|-damage|p2a: Shiinotic|198/243 psn|[from] psn
|upkeep
|turn|13
|
|t:|1685283511
|cant|p1a: Type: Null|slp
|move|p1a: Type: Null|Sleep Talk|p1a: Type: Null
|move|p1a: Type: Null|Swords Dance|p1a: Type: Null|[from]move: Sleep Talk
|-boost|p1a: Type: Null|atk|2
|move|p2a: Shiinotic|Strength Sap|p1a: Type: Null
|-unboost|p1a: Type: Null|atk|1
|-heal|p2a: Shiinotic|243/243 psn
|
|-damage|p2a: Shiinotic|213/243 psn|[from] psn
|upkeep
|turn|14
|inactive|Julia Cat has 30 seconds left.
|c|☆sanesitoo|u a bot
|inactive|Julia Cat has 20 seconds left.
|inactive|Julia Cat has 15 seconds left.
|inactive|Julia Cat has 10 seconds left.
|inactive|Julia Cat has 5 seconds left.
|c|☆sanesitoo|gg dumb btch
|-message|Julia Cat lost due to inactivity.
|
|win|sanesitoo
|raw|sanesitoo's rating: 1161 &rarr; <strong>1175</strong><br />(+14 for winning)
|raw|Julia Cat's rating: 1000 &rarr; <strong>1000</strong><br />(+0 for losing)
