{"id": "gen8randombattle-1861878707", "p1": "Hilda2021", "p2": "lui 2022", "format": "[Gen 8] Random Battle", "log": "|j|\u2606Hilda2021\n|j|\u2606lui 2022\n|t:|1683817311\n|gametype|singles\n|player|p1|Hilda2021|hilda|\n|player|p2|lui 2022|265|\n|teamsize|p1|6\n|teamsize|p2|6\n|gen|8\n|tier|[Gen 8] Random Battle\n|rule|Species Clause: Limit one of each Pok\u00e9mon\n|rule|HP Percentage Mod: HP is shown in percentages\n|rule|Sleep Clause Mod: Limit one foe put to sleep\n|\n|t:|1683817311\n|start\n|switch|p1a: Grapploct|Grapploct, L86, F|278/278\n|switch|p2a: Stakataka|Stakataka, L80|229/229\n|-item|p2a: Stakataka|Air Balloon\n|turn|1\n|\n|t:|1683817366\n|switch|p2a: Carbink|Carbink, L86|226/226\n|move|p1a: Grapploct|Bulk Up|p1a: Grapploct\n|-boost|p1a: Grapploct|atk|1\n|-boost|p1a: Grapploct|def|1\n|\n|upkeep\n|turn|2\n|\n|t:|1683817385\n|switch|p1a: Tentacruel|Tentacruel, L84, F|272/272\n|-start|p2a: Carbink|Dynamax|\n|-heal|p2a: Carbink|452/452|[silent]\n|move|p2a: Carbink|Max Starfall|p1a: Tentacruel\n|-resisted|p1a: Tentacruel\n|-damage|p1a: Tentacruel|236/272\n|-fieldstart|move: Misty Terrain\n|\n|-heal|p1a: Tentacruel|253/272|[from] item: Black Sludge\n|upkeep\n|turn|3\n|\n|t:|1683817405\n|move|p2a: Carbink|Max Guard|p2a: Carbink\n|-singleturn|p2a: Carbink|Max Guard\n|move|p1a: Tentacruel|Toxic Spikes|p2a: Carbink\n|-sidestart|p2: lui 2022|move: Toxic Spikes\n|\n|-heal|p1a: Tentacruel|270/272|[from] item: Black Sludge\n|upkeep\n|turn|4\n|\n|t:|1683817413\n|move|p1a: Tentacruel|Toxic Spikes|p2a: Carbink\n|-sidestart|p2: lui 2022|move: Toxic Spikes\n|move|p2a: Carbink|Max Knuckle|p1a: Tentacruel\n|-resisted|p1a: Tentacruel\n|-damage|p1a: Tentacruel|253/272\n|-boost|p2a: Carbink|atk|1\n|\n|-heal|p1a: Tentacruel|270/272|[from] item: Black Sludge\n|upkeep\n|-end|p2a: Carbink|Dynamax\n|-heal|p2a: Carbink|226/226|[silent]\n|turn|5\n|\n|t:|1683817436\n|switch|p2a: Steelix|Steelix, L84, F|263/263\n|move|p1a: Tentacruel|Scald|p2a: Steelix\n|-supereffective|p2a: Steelix\n|-damage|p2a: Steelix|87/263\n|\n|-heal|p1a: Tentacruel|272/272|[from] item: Black Sludge\n|-heal|p2a: Steelix|103/263|[from] item: Leftovers\n|upkeep\n|turn|6\n|\n|t:|1683817450\n|switch|p2a: Stakataka|Stakataka, L80|229/229\n|-item|p2a: Stakataka|Air Balloon\n|move|p1a: Tentacruel|Scald|p2a: Stakataka\n|-supereffective|p2a: Stakataka\n|-damage|p2a: Stakataka|77/229\n|-enditem|p2a: Stakataka|Air Balloon\n|\n|-fieldend|Misty Terrain\n|upkeep\n|turn|7\n|\n|t:|1683817462\n|switch|p2a: Appletun|Appletun, L90, F|344/344\n|-status|p2a: Appletun|tox\n|move|p1a: Tentacruel|Scald|p2a: Appletun\n|-resisted|p2a: Appletun\n|-damage|p2a: Appletun|327/344 tox\n|\n|-heal|p2a: Appletun|344/344 tox|[from] item: Leftovers\n|-damage|p2a: Appletun|323/344 tox|[from] psn\n|upkeep\n|turn|8\n|\n|t:|1683817475\n|move|p1a: Tentacruel|Sludge Bomb|p2a: Appletun\n|-supereffective|p2a: Appletun\n|-damage|p2a: Appletun|159/344 tox\n|move|p2a: Appletun|Leech Seed|p1a: Tentacruel\n|-start|p1a: Tentacruel|move: Leech Seed\n|\n|-heal|p2a: Appletun|180/344 tox|[from] item: Leftovers\n|-damage|p1a: Tentacruel|238/272|[from] Leech Seed|[of] p2a: Appletun\n|-damage|p2a: Appletun|146/344 tox|[from] ability: Liquid Ooze|[of] p1a: Tentacruel\n|-damage|p2a: Appletun|104/344 tox|[from] psn\n|upkeep\n|turn|9\n|\n|t:|1683817489\n|move|p1a: Tentacruel|Rapid Spin|p2a: Appletun\n|-damage|p2a: Appletun|78/344 tox\n|-boost|p1a: Tentacruel|spe|1\n|-end|p1a: Tentacruel|Leech Seed|[from] move: Rapid Spin|[of] p1a: Tentacruel\n|move|p2a: Appletun|Recover|p2a: Appletun\n|-heal|p2a: Appletun|250/344 tox\n|\n|-heal|p1a: Tentacruel|255/272|[from] item: Black Sludge\n|-heal|p2a: Appletun|271/344 tox|[from] item: Leftovers\n|-damage|p2a: Appletun|208/344 tox|[from] psn\n|upkeep\n|turn|10\n|\n|t:|1683817509\n|move|p1a: Tentacruel|Sludge Bomb|p2a: Appletun\n|-supereffective|p2a: Appletun\n|-damage|p2a: Appletun|40/344 tox\n|move|p2a: Appletun|Apple Acid|p1a: Tentacruel\n|-damage|p1a: Tentacruel|173/272\n|-unboost|p1a: Tentacruel|spd|1\n|\n|-heal|p1a: Tentacruel|190/272|[from] item: Black Sludge\n|-heal|p2a: Appletun|61/344 tox|[from] item: Leftovers\n|-damage|p2a: Appletun|0 fnt|[from] psn\n|faint|p2a: Appletun\n|upkeep\n|\n|t:|1683817529\n|switch|p2a: Druddigon|Druddigon, L84, M|267/267\n|-status|p2a: Druddigon|tox\n|-ability|p2a: Druddigon|Mold Breaker\n|turn|11\n|\n|t:|1683817554\n|switch|p1a: Grimmsnarl|Grimmsnarl, L82, M|290/290\n|move|p2a: Druddigon|Outrage|p1a: Grimmsnarl\n|-immune|p1a: Grimmsnarl\n|\n|-damage|p2a: Druddigon|251/267 tox|[from] psn\n|upkeep\n|turn|12\n|\n|t:|1683817569\n|move|p1a: Grimmsnarl|Bulk Up|p1a: Grimmsnarl\n|-boost|p1a: Grimmsnarl|atk|1\n|-boost|p1a: Grimmsnarl|def|1\n|move|p2a: Druddigon|Glare|p1a: Grimmsnarl\n|-status|p1a: Grimmsnarl|par\n|\n|-damage|p2a: Druddigon|219/267 tox|[from] psn\n|upkeep\n|turn|13\n|\n|t:|1683817579\n|move|p2a: Druddigon|Earthquake|p1a: Grimmsnarl\n|-damage|p1a: Grimmsnarl|195/290 par\n|-damage|p2a: Druddigon|193/267 tox|[from] item: Life Orb\n|move|p1a: Grimmsnarl|Play Rough|p2a: Druddigon\n|-supereffective|p2a: Druddigon\n|-damage|p2a: Druddigon|0 fnt\n|faint|p2a: Druddigon\n|-damage|p1a: Grimmsnarl|166/290 par|[from] item: Life Orb\n|\n|upkeep\n|\n|t:|1683817601\n|switch|p2a: Carbink|Carbink, L86|226/226\n|-status|p2a: Carbink|tox\n|turn|14\n|\n|t:|1683817616\n|switch|p1a: Tentacruel|Tentacruel, L84, F|190/272\n|move|p2a: Carbink|Moonblast|p1a: Tentacruel\n|-resisted|p1a: Tentacruel\n|-damage|p1a: Tentacruel|165/272\n|\n|-heal|p1a: Tentacruel|182/272|[from] item: Black Sludge\n|-damage|p2a: Carbink|212/226 tox|[from] psn\n|upkeep\n|turn|15\n|\n|t:|1683817626\n|switch|p2a: Crawdaunt|Crawdaunt, L84, F|243/243\n|-status|p2a: Crawdaunt|tox\n|move|p1a: Tentacruel|Scald|p2a: Crawdaunt\n|-resisted|p2a: Crawdaunt\n|-damage|p2a: Crawdaunt|195/243 tox\n|\n|-heal|p1a: Tentacruel|199/272|[from] item: Black Sludge\n|-damage|p2a: Crawdaunt|180/243 tox|[from] psn\n|upkeep\n|turn|16\n|\n|t:|1683817646\n|move|p1a: Tentacruel|Sludge Bomb|p2a: Crawdaunt\n|-damage|p2a: Crawdaunt|63/243 tox\n|move|p2a: Crawdaunt|Crabhammer|p1a: Tentacruel\n|-resisted|p1a: Tentacruel\n|-damage|p1a: Tentacruel|59/272\n|-damage|p2a: Crawdaunt|39/243 tox|[from] item: Life Orb\n|\n|-heal|p1a: Tentacruel|76/272|[from] item: Black Sludge\n|-damage|p2a: Crawdaunt|9/243 tox|[from] psn\n|upkeep\n|turn|17\n|\n|t:|1683817658\n|move|p1a: Tentacruel|Sludge Bomb|p2a: Crawdaunt\n|-damage|p2a: Crawdaunt|0 fnt\n|faint|p2a: Crawdaunt\n|\n|-heal|p1a: Tentacruel|93/272|[from] item: Black Sludge\n|upkeep\n|\n|t:|1683817668\n|switch|p2a: Carbink|Carbink, L86|212/226 tox\n|turn|18\n|\n|t:|1683817674\n|move|p1a: Tentacruel|Scald|p2a: Carbink\n|-supereffective|p2a: Carbink\n|-damage|p2a: Carbink|122/226 tox\n|move|p2a: Carbink|Body Press|p1a: Tentacruel\n|-resisted|p1a: Tentacruel\n|-damage|p1a: Tentacruel|42/272\n|\n|-heal|p1a: Tentacruel|59/272|[from] item: Black Sludge\n|-damage|p2a: Carbink|108/226 tox|[from] psn\n|upkeep\n|turn|19\n|\n|t:|1683817689\n|move|p1a: Tentacruel|Scald|p2a: Carbink\n|-supereffective|p2a: Carbink\n|-damage|p2a: Carbink|16/226 tox\n|move|p2a: Carbink|Body Press|p1a: Tentacruel\n|-resisted|p1a: Tentacruel\n|-damage|p1a: Tentacruel|4/272\n|\n|-heal|p1a: Tentacruel|21/272|[from] item: Black Sludge\n|-damage|p2a: Carbink|0 fnt|[from] psn\n|faint|p2a: Carbink\n|upkeep\n|\n|t:|1683817700\n|switch|p2a: Steelix|Steelix, L84, F|103/263\n|turn|20\n|\n|t:|1683817706\n|move|p1a: Tentacruel|Scald|p2a: Steelix\n|-supereffective|p2a: Steelix\n|-damage|p2a: Steelix|0 fnt\n|faint|p2a: Steelix\n|\n|-heal|p1a: Tentacruel|38/272|[from] item: Black Sludge\n|upkeep\n|\n|t:|1683817715\n|switch|p2a: Stakataka|Stakataka, L80|77/229\n|turn|21\n|\n|t:|1683817720\n|-start|p1a: Tentacruel|Dynamax|\n|-heal|p1a: Tentacruel|76/544|[silent]\n|move|p1a: Tentacruel|Max Geyser|p2a: Stakataka\n|-supereffective|p2a: Stakataka\n|-damage|p2a: Stakataka|0 fnt\n|-weather|RainDance\n|faint|p2a: Stakataka\n|\n|win|Hilda2021\n", "inputlog": ">version bce759c5f189753f4322d11c9e5aa78bbe1b1bf9\n>start {\"formatid\":\"gen8randombattle\",\"seed\":[27121,62251,62368,56274]}\n>player p1 {\"name\":\"Hilda2021\",\"avatar\":\"hilda\",\"rating\":0,\"seed\":[43698,1141,48296,17871]}\n>player p2 {\"name\":\"lui 2022\",\"avatar\":\"265\",\"rating\":0,\"seed\":[55549,55549,46705,50590]}\n>p1 move bulkup\n>p2 switch 5\n>p1 switch 4\n>p2 move moonblast dynamax\n>p1 move toxicspikes\n>p2 move lightscreen dynamax\n>p1 move toxicspikes\n>p2 move bodypress dynamax\n>p1 move scald\n>p2 switch 3\n>p1 move scald\n>p2 switch 5\n>p1 move scald\n>p2 switch 2\n>p1 move sludgebomb\n>p2 move leechseed\n>p1 move rapidspin\n>p2 move recover\n>p1 move sludgebomb\n>p2 move appleacid\n>p2 switch 4\n>p1 switch 2\n>p2 move outrage\n>p1 move bulkup\n>p2 move glare\n>p1 move playrough\n>p2 move earthquake\n>p2 switch 3\n>p1 switch 2\n>p2 move moonblast\n>p1 move scald\n>p2 switch 6\n>p1 move sludgebomb\n>p2 move crabhammer\n>p1 move sludgebomb\n>p2 move crabhammer\n>p2 switch 6\n>p1 move scald\n>p2 move bodypress\n>p1 move scald\n>p2 move bodypress\n>p2 switch 5\n>p1 move scald\n>p2 move earthquake\n>p2 switch 2\n>p1 move scald dynamax\n>p2 move earthquake", "uploadtime": 1683817731, "views": 6, "p1id": "hilda2021", "p2id": "lui2022", "formatid": "gen8randombattle", "rating": 0, "private": 0, "password": ""}