{"id": "gen8randombattle-1872854478", "p1": "trying_toget_tough", "p2": "Raftwing", "format": "[Gen 8] Random Battle", "log": "|j|\u2606trying_toget_tough\n|j|\u2606Raftwing\n|t:|1685293042\n|gametype|singles\n|player|p1|trying_toget_tough|265|1398\n|player|p2|Raftwing|veteran|1314\n|teamsize|p1|6\n|teamsize|p2|6\n|gen|8\n|tier|[Gen 8] Random Battle\n|rated|\n|rule|Species Clause: Limit one of each Pok\u00e9mon\n|rule|HP Percentage Mod: HP is shown in percentages\n|rule|Sleep Clause Mod: Limit one foe put to sleep\n|\n|t:|1685293042\n|start\n|switch|p1a: Dragapult|Dragapult, L78, M|265/265\n|switch|p2a: Nidoking|Nidoking, L82, M|267/267\n|turn|1\n|inactive|Battle timer is ON: inactive players will automatically lose when time's up. (requested by Raftwing)\n|\n|t:|1685293069\n|move|p1a: Dragapult|Draco Meteor|p2a: Nidoking\n|-damage|p2a: Nidoking|59/267\n|-unboost|p1a: Dragapult|spa|2\n|move|p2a: Nidoking|Ice Beam|p1a: Dragapult\n|-supereffective|p1a: Dragapult\n|-damage|p1a: Dragapult|31/265\n|\n|upkeep\n|turn|2\n|\n|t:|1685293080\n|move|p1a: Dragapult|Draco Meteor|p2a: Nidoking\n|-damage|p2a: Nidoking|0 fnt\n|-unboost|p1a: Dragapult|spa|2\n|faint|p2a: Nidoking\n|\n|upkeep\n|\n|t:|1685293096\n|switch|p2a: Orbeetle|Orbeetle, L86, F|243/243\n|-item|p1a: Dragapult|Choice Specs|[from] ability: Frisk|[of] p2a: Orbeetle|[identify]\n|turn|3\n|\n|t:|1685293106\n|switch|p1a: Genesect|Genesect, L74|227/227\n|-ability|p1a: Genesect|Download|boost\n|-boost|p1a: Genesect|atk|1\n|move|p2a: Orbeetle|Sticky Web|p1a: Genesect\n|-sidestart|p1: trying_toget_tough|move: Sticky Web\n|\n|upkeep\n|turn|4\n|\n|t:|1685293123\n|switch|p2a: Golduck|Golduck, L86, F|278/278\n|move|p1a: Genesect|Shift Gear|p1a: Genesect\n|-boost|p1a: Genesect|spe|2\n|-boost|p1a: Genesect|atk|1\n|\n|upkeep\n|turn|5\n|\n|t:|1685293138\n|-start|p1a: Genesect|Dynamax|\n|-heal|p1a: Genesect|454/454|[silent]\n|move|p1a: Genesect|Max Steelspike|p2a: Golduck\n|-resisted|p2a: Golduck\n|-damage|p2a: Golduck|105/278\n|-boost|p1a: Genesect|def|1\n|-damage|p1a: Genesect|432/454|[from] item: Life Orb\n|move|p2a: Golduck|Scald|p1a: Genesect\n|-damage|p1a: Genesect|314/454\n|-damage|p2a: Golduck|78/278|[from] item: Life Orb\n|\n|upkeep\n|turn|6\n|\n|t:|1685293152\n|move|p1a: Genesect|Max Steelspike|p2a: Golduck\n|-resisted|p2a: Golduck\n|-damage|p2a: Golduck|0 fnt\n|-boost|p1a: Genesect|def|1\n|faint|p2a: Golduck\n|-damage|p1a: Genesect|292/454|[from] item: Life Orb\n|\n|upkeep\n|inactive|Raftwing has 120 seconds left.\n|\n|t:|1685293173\n|switch|p2a: Lurantis|Lurantis, L86, F|261/261\n|turn|7\n|\n|t:|1685293181\n|move|p1a: Genesect|Max Flare|p2a: Lurantis\n|-supereffective|p2a: Lurantis\n|-damage|p2a: Lurantis|0 fnt\n|-weather|SunnyDay\n|faint|p2a: Lurantis\n|-damage|p1a: Genesect|270/454|[from] item: Life Orb\n|\n|-weather|SunnyDay|[upkeep]\n|upkeep\n|\n|t:|1685293190\n|switch|p2a: Regirock|Regirock, L85|275/275\n|-end|p1a: Genesect|Dynamax\n|-heal|p1a: Genesect|135/227|[silent]\n|turn|8\n|\n|t:|1685293196\n|move|p1a: Genesect|Iron Head|p2a: Regirock\n|-supereffective|p2a: Regirock\n|-damage|p2a: Regirock|54/275\n|-damage|p1a: Genesect|113/227|[from] item: Life Orb\n|move|p2a: Regirock|Curse|p2a: Regirock\n|-unboost|p2a: Regirock|spe|1\n|-boost|p2a: Regirock|atk|1\n|-boost|p2a: Regirock|def|1\n|\n|-weather|SunnyDay|[upkeep]\n|upkeep\n|turn|9\n|-message|Raftwing forfeited.\n|\n|win|trying_toget_tough\n|raw|trying_toget_tough's rating: 1398 &rarr; <strong>1412</strong><br />(+14 for winning)\n|raw|Raftwing's rating: 1296 &rarr; <strong>1278</strong><br />(-18 for losing)\n|l|\u2606Raftwing\n", "inputlog": ">version d74822bbc74c095aa312053f7034baee3068d99e\n>start {\"formatid\":\"gen8randombattle\",\"seed\":[7906,14192,7061,42326],\"rated\":\"Rated battle\"}\n>player p1 {\"name\":\"trying_toget_tough\",\"avatar\":\"265\",\"rating\":1398,\"seed\":[38269,23103,50280,44092]}\n>player p2 {\"name\":\"Raftwing\",\"avatar\":\"veteran\",\"rating\":1314,\"seed\":[28650,59805,62472,48400]}\n>p1 move dracometeor\n>p2 move icebeam\n>p1 move dracometeor\n>p2 move icebeam\n>p2 switch 5\n>p1 switch 5\n>p2 move stickyweb\n>p1 move shiftgear\n>p2 switch 2\n>p1 move ironhead dynamax\n>p2 move scald\n>p1 move ironhead dynamax\n>p2 move scald\n>p2 switch 3\n>p1 move blazekick dynamax\n>p2 move superpower\n>p2 switch 6\n>p1 move ironhead\n>p2 move curse\n>forcelose p2", "uploadtime": 1685293218, "views": 4, "p1id": "tryingtogettough", "p2id": "raftwing", "formatid": "gen8randombattle", "rating": 1278, "private": 0, "password": ""}