{"id": "gen8randombattle-1874520727", "p1": "dokythedingus", "p2": "Jermafrog", "format": "[Gen 8] Random Battle", "log": "|j|\u2606dokythedingus\n|j|\u2606Jermafrog\n|t:|1685504884\n|gametype|singles\n|player|p1|dokythedingus|harlequin|\n|player|p2|Jermafrog|acetrainer-gen2|\n|teamsize|p1|6\n|teamsize|p2|6\n|gen|8\n|tier|[Gen 8] Random Battle\n|rule|Species Clause: Limit one of each Pok\u00e9mon\n|rule|HP Percentage Mod: HP is shown in percentages\n|rule|Sleep Clause Mod: Limit one foe put to sleep\n|\n|t:|1685504884\n|start\n|switch|p1a: Darmanitan|Darmanitan-Galar, L78, F|292/292\n|switch|p2a: Araquanid|Araquanid, L80, M|240/240\n|turn|1\n|c|\u2606dokythedingus|glhf\n|c|\u2606Jermafrog|hf\n|\n|t:|1685504938\n|switch|p1a: Carracosta|Carracosta, L84, F|262/262\n|move|p2a: Araquanid|Sticky Web|p1a: Carracosta\n|-sidestart|p1: dokythedingus|move: Sticky Web\n|\n|upkeep\n|turn|2\n|\n|t:|1685504959\n|move|p2a: Araquanid|Liquidation|p1a: Carracosta\n|-damage|p1a: Carracosta|163/262\n|-unboost|p1a: Carracosta|def|1\n|move|p1a: Carracosta|Shell Smash|p1a: Carracosta\n|-unboost|p1a: Carracosta|def|1\n|-unboost|p1a: Carracosta|spd|1\n|-boost|p1a: Carracosta|atk|2\n|-boost|p1a: Carracosta|spa|2\n|-boost|p1a: Carracosta|spe|2\n|\n|upkeep\n|turn|3\n|\n|t:|1685504972\n|move|p1a: Carracosta|Stone Edge|p2a: Araquanid\n|-supereffective|p2a: Araquanid\n|-damage|p2a: Araquanid|0 fnt\n|faint|p2a: Araquanid\n|\n|upkeep\n|\n|t:|1685504973\n|switch|p2a: Slowbro|Slowbro, L84, F|297/297\n|turn|4\n|\n|t:|1685504985\n|move|p1a: Carracosta|Stone Edge|p2a: Slowbro|[miss]\n|-miss|p1a: Carracosta|p2a: Slowbro\n|move|p2a: Slowbro|Scald|p1a: Carracosta\n|-damage|p1a: Carracosta|10/262\n|\n|upkeep\n|turn|5\n|\n|t:|1685504993\n|move|p1a: Carracosta|Stone Edge|p2a: Slowbro\n|-crit|p2a: Slowbro\n|-damage|p2a: Slowbro|0 fnt\n|faint|p2a: Slowbro\n|\n|upkeep\n|c|\u2606Jermafrog|hm\n|c|\u2606dokythedingus|this game derpy af\n|\n|t:|1685505006\n|switch|p2a: Tornadus|Tornadus, L80, M|258/258\n|turn|6\n|c|\u2606Jermafrog|i threw anyway\n|c|\u2606Jermafrog|idk why i didnt go torn\n|\n|t:|1685505020\n|move|p1a: Carracosta|Aqua Jet|p2a: Tornadus\n|-damage|p2a: Tornadus|140/258\n|move|p2a: Tornadus|Grass Knot|p1a: Carracosta\n|-supereffective|p1a: Carracosta\n|-damage|p1a: Carracosta|0 fnt\n|faint|p1a: Carracosta\n|\n|upkeep\n|inactive|Battle timer is ON: inactive players will automatically lose when time's up. (requested by Jermafrog)\n|c|\u2606Jermafrog|sorry but pls\n|\n|t:|1685505048\n|switch|p1a: Slowbro|Slowbro-Galar, L86, M|304/304\n|-activate|p1a: Slowbro|move: Sticky Web\n|-unboost|p1a: Slowbro|spe|1\n|turn|7\n|\n|t:|1685505057\n|move|p2a: Tornadus|Nasty Plot|p2a: Tornadus\n|-boost|p2a: Tornadus|spa|2\n|move|p1a: Slowbro|Trick Room|p1a: Slowbro\n|-fieldstart|move: Trick Room|[of] p1a: Slowbro\n|\n|upkeep\n|turn|8\n|\n|t:|1685505078\n|switch|p2a: Meowstic|Meowstic-F, L86, F|268/268\n|move|p1a: Slowbro|Shell Side Arm|p2a: Meowstic|[anim] Shell Side Arm Physical\n|-damage|p2a: Meowstic|135/268\n|-hint|Physical Shell Side Arm\n|-damage|p1a: Slowbro|274/304|[from] item: Life Orb\n|\n|upkeep\n|turn|9\n|\n|t:|1685505089\n|move|p1a: Slowbro|Shell Side Arm|p2a: Meowstic|[anim] Shell Side Arm Physical\n|-damage|p2a: Meowstic|0 fnt\n|-hint|Physical Shell Side Arm\n|faint|p2a: Meowstic\n|-damage|p1a: Slowbro|244/304|[from] item: Life Orb\n|\n|upkeep\n|\n|t:|1685505093\n|switch|p2a: Obstagoon|Obstagoon, L80, M|280/280\n|turn|10\n|\n|t:|1685505107\n|switch|p1a: Poliwrath|Poliwrath, L84, F|288/288\n|-activate|p1a: Poliwrath|move: Sticky Web\n|-unboost|p1a: Poliwrath|spe|1\n|move|p2a: Obstagoon|Knock Off|p1a: Poliwrath\n|-resisted|p1a: Poliwrath\n|-damage|p1a: Poliwrath|242/288\n|-enditem|p1a: Poliwrath|Life Orb|[from] move: Knock Off|[of] p2a: Obstagoon\n|\n|-status|p2a: Obstagoon|brn|[from] item: Flame Orb\n|upkeep\n|turn|11\n|\n|t:|1685505123\n|switch|p2a: Tornadus|Tornadus, L80, M|140/258\n|move|p1a: Poliwrath|Close Combat|p2a: Tornadus\n|-resisted|p2a: Tornadus\n|-damage|p2a: Tornadus|60/258\n|-unboost|p1a: Poliwrath|def|1\n|-unboost|p1a: Poliwrath|spd|1\n|\n|-fieldend|move: Trick Room\n|upkeep\n|turn|12\n|\n|t:|1685505145\n|switch|p1a: Darmanitan|Darmanitan-Galar, L78, F|292/292\n|-activate|p1a: Darmanitan|move: Sticky Web\n|-unboost|p1a: Darmanitan|spe|1\n|move|p2a: Tornadus|Hurricane|p1a: Darmanitan|[miss]\n|-miss|p2a: Tornadus|p1a: Darmanitan\n|\n|upkeep\n|turn|13\n|c|\u2606Jermafrog|man\n|c|\u2606dokythedingus|this game derpy bruh\n|\n|t:|1685505159\n|move|p2a: Tornadus|Heat Wave|p1a: Darmanitan\n|-supereffective|p1a: Darmanitan\n|-damage|p1a: Darmanitan|84/292\n|move|p1a: Darmanitan|Icicle Crash|p2a: Tornadus\n|-supereffective|p2a: Tornadus\n|-damage|p2a: Tornadus|0 fnt\n|faint|p2a: Tornadus\n|\n|-formechange|p1a: Darmanitan|Darmanitan-Galar-Zen|\n|upkeep\n|\n|t:|1685505177\n|switch|p2a: Obstagoon|Obstagoon, L80, M|280/280 brn\n|turn|14\n|\n|t:|1685505186\n|move|p2a: Obstagoon|Facade|p1a: Darmanitan\n|-damage|p1a: Darmanitan|0 fnt\n|faint|p1a: Darmanitan\n|\n|-damage|p2a: Obstagoon|263/280 brn|[from] brn\n|upkeep\n|\n|t:|1685505196\n|switch|p1a: Hitmonchan|Hitmonchan, L86, M|226/226\n|-activate|p1a: Hitmonchan|move: Sticky Web\n|-unboost|p1a: Hitmonchan|spe|1\n|turn|15\n|\n|t:|1685505206\n|move|p1a: Hitmonchan|Mach Punch|p2a: Obstagoon\n|-supereffective|p2a: Obstagoon\n|-damage|p2a: Obstagoon|0 fnt\n|faint|p2a: Obstagoon\n|-damage|p1a: Hitmonchan|204/226|[from] item: Life Orb\n|\n|upkeep\n|\n|t:|1685505209\n|switch|p2a: Kyurem|Kyurem, L80|331/331\n|-ability|p2a: Kyurem|Pressure\n|turn|16\n|\n|t:|1685505220\n|-start|p1a: Hitmonchan|Dynamax|\n|-heal|p1a: Hitmonchan|408/452|[silent]\n|move|p2a: Kyurem|Ice Beam|p1a: Hitmonchan\n|-damage|p1a: Hitmonchan|320/452\n|move|p1a: Hitmonchan|Max Knuckle|p2a: Kyurem\n|-supereffective|p2a: Kyurem\n|-damage|p2a: Kyurem|66/331\n|-boost|p1a: Hitmonchan|atk|1\n|-damage|p1a: Hitmonchan|298/452|[from] item: Life Orb\n|\n|upkeep\n|turn|17\n|c|\u2606Jermafrog|sacking slowbro and then the entire team getting walled by slowbro is funny\n|c|\u2606dokythedingus|my last mon is leafeon\n|c|\u2606dokythedingus|not that that\n|c|\u2606Jermafrog|oh lol\n|c|\u2606dokythedingus|would've been that helpful\n|\n|t:|1685505252\n|-start|p2a: Kyurem|Dynamax|\n|-heal|p2a: Kyurem|132/662|[silent]\n|move|p2a: Kyurem|Max Guard|p2a: Kyurem\n|-singleturn|p2a: Kyurem|Max Guard\n|move|p1a: Hitmonchan|Max Knuckle|p2a: Kyurem\n|-activate|p2a: Kyurem|move: Max Guard\n|\n|upkeep\n|turn|18\n|\n|t:|1685505257\n|move|p2a: Kyurem|Max Guard||[still]\n|-fail|p2a: Kyurem\n|move|p1a: Hitmonchan|Max Knuckle|p2a: Kyurem\n|-supereffective|p2a: Kyurem\n|-damage|p2a: Kyurem|0 fnt\n|-boost|p1a: Hitmonchan|atk|1\n|faint|p2a: Kyurem\n|-damage|p1a: Hitmonchan|276/452|[from] item: Life Orb\n|\n|win|dokythedingus\n|c|\u2606Jermafrog|gg\n|c|\u2606dokythedingus|gg\n|l|\u2606Jermafrog\n", "inputlog": ">version d94486096666f9f03053a01e17a1c7fdbd408dfa\n>start {\"formatid\":\"gen8randombattle\",\"seed\":[13803,57909,38488,28378]}\n>player p1 {\"name\":\"dokythedingus\",\"avatar\":\"harlequin\",\"rating\":0,\"seed\":[47549,21574,46366,28757]}\n>player p2 {\"name\":\"Jermafrog\",\"avatar\":\"acetrainer-gen2\",\"rating\":0,\"seed\":[19094,42445,59086,886]}\n>chat \u2606dokythedingus|glhf\n>chat \u2606Jermafrog|hf\n>p1 switch 4\n>p2 move stickyweb\n>p1 move shellsmash\n>p2 move liquidation\n>p1 move stoneedge\n>p2 move liquidation\n>p2 switch 3\n>p1 move stoneedge\n>p2 move scald\n>p1 move stoneedge\n>p2 move scald\n>chat \u2606Jermafrog|hm\n>chat \u2606dokythedingus|this game derpy af\n>p2 switch 6\n>chat \u2606Jermafrog|i threw anyway\n>chat \u2606Jermafrog|idk why i didnt go torn\n>p1 move aquajet\n>p2 move grassknot\n>chat \u2606Jermafrog|sorry but pls\n>p1 switch 3\n>p1 move trickroom\n>p2 move nastyplot\n>p1 move shellsidearm\n>p2 switch 2\n>p1 move shellsidearm\n>p2 move psychic\n>p2 switch 5\n>p1 switch 5\n>p2 move knockoff\n>p1 move closecombat\n>p2 switch 2\n>p1 switch 4\n>p2 move hurricane\n>chat \u2606Jermafrog|man\n>chat \u2606dokythedingus|this game derpy bruh\n>p1 move iciclecrash\n>p2 move heatwave\n>p2 switch 2\n>p1 move substitute\n>p2 move facade\n>p1 switch 6\n>p1 move machpunch\n>p2 move facade\n>p2 switch 4\n>p1 move drainpunch dynamax\n>p2 move icebeam\n>chat \u2606Jermafrog|sacking slowbro and then the entire team getting walled by slowbro is funny\n>chat \u2606dokythedingus|my last mon is leafeon\n>chat \u2606dokythedingus|not that that\n>chat \u2606Jermafrog|oh lol\n>chat \u2606dokythedingus|would've been that helpful\n>p1 move drainpunch dynamax\n>p2 move substitute dynamax\n>p1 move drainpunch dynamax\n>p2 move substitute dynamax", "uploadtime": 1685505270, "views": 9, "p1id": "dokythedingus", "p2id": "jermafrog", "formatid": "gen8randombattle", "rating": 0, "private": 0, "password": ""}