{"id": "gen8randombattle-1871923424", "p1": "textuarycoast13", "p2": "Pignicin", "format": "[Gen 8] Random Battle", "log": "|j|\u2606textuarycoast13\n|j|\u2606Pignicin\n|t:|1685147685\n|gametype|singles\n|player|p1|textuarycoast13|yellow|\n|player|p2|Pignicin|hooligans|\n|teamsize|p1|6\n|teamsize|p2|6\n|gen|8\n|tier|[Gen 8] Random Battle\n|rule|Species Clause: Limit one of each Pok\u00e9mon\n|rule|HP Percentage Mod: HP is shown in percentages\n|rule|Sleep Clause Mod: Limit one foe put to sleep\n|\n|t:|1685147685\n|start\n|switch|p1a: Landorus|Landorus-Therian, L72, M|247/247\n|switch|p2a: Centiskorch|Centiskorch, L84, F|305/305\n|-ability|p1a: Landorus|Intimidate|boost\n|-unboost|p2a: Centiskorch|atk|1\n|turn|1\n|inactive|Battle timer is ON: inactive players will automatically lose when time's up. (requested by Pignicin)\n|\n|t:|1685147694\n|-start|p1a: Landorus|Dynamax|\n|-heal|p1a: Landorus|494/494|[silent]\n|move|p1a: Landorus|Max Rockfall|p2a: Centiskorch\n|-supereffective|p2a: Centiskorch\n|-damage|p2a: Centiskorch|0 fnt\n|-weather|Sandstorm\n|faint|p2a: Centiskorch\n|-damage|p1a: Landorus|470/494|[from] item: Life Orb\n|\n|-weather|Sandstorm|[upkeep]\n|upkeep\n|\n|t:|1685147705\n|switch|p2a: Eiscue|Eiscue, L82, F|256/256\n|turn|2\n|\n|t:|1685147709\n|move|p1a: Landorus|Max Airstream|p2a: Eiscue\n|-activate|p2a: Eiscue|ability: Ice Face\n|-damage|p2a: Eiscue|256/256\n|-boost|p1a: Landorus|spe|1\n|detailschange|p2a: Eiscue|Eiscue-Noice, L82, F\n|-damage|p1a: Landorus|446/494|[from] item: Life Orb\n|move|p2a: Eiscue|Icicle Crash|p1a: Landorus\n|-supereffective|p1a: Landorus\n|-damage|p1a: Landorus|122/494\n|\n|-weather|Sandstorm|[upkeep]\n|-damage|p2a: Eiscue|240/256|[from] Sandstorm\n|upkeep\n|turn|3\n|\n|t:|1685147722\n|move|p2a: Eiscue|Icicle Crash|p1a: Landorus\n|-supereffective|p1a: Landorus\n|-damage|p1a: Landorus|0 fnt\n|faint|p1a: Landorus\n|\n|-weather|Sandstorm|[upkeep]\n|-damage|p2a: Eiscue|224/256|[from] Sandstorm\n|upkeep\n|\n|t:|1685147726\n|switch|p1a: Marshadow|Marshadow, L70|242/242\n|turn|4\n|\n|t:|1685147735\n|move|p2a: Eiscue|Zen Headbutt|p1a: Marshadow\n|-supereffective|p1a: Marshadow\n|-damage|p1a: Marshadow|122/242\n|move|p1a: Marshadow|Rock Tomb|p2a: Eiscue\n|-supereffective|p2a: Eiscue\n|-damage|p2a: Eiscue|37/256\n|-unboost|p2a: Eiscue|spe|1\n|-enditem|p2a: Eiscue|Sitrus Berry|[eat]\n|-heal|p2a: Eiscue|101/256|[from] item: Sitrus Berry\n|-damage|p1a: Marshadow|98/242|[from] item: Life Orb\n|\n|-weather|Sandstorm|[upkeep]\n|-damage|p1a: Marshadow|83/242|[from] Sandstorm\n|-damage|p2a: Eiscue|85/256|[from] Sandstorm\n|upkeep\n|turn|5\n|\n|t:|1685147751\n|switch|p2a: Emolga|Emolga, L88, F|240/240\n|move|p1a: Marshadow|Close Combat|p2a: Emolga\n|-resisted|p2a: Emolga\n|-damage|p2a: Emolga|153/240\n|-unboost|p1a: Marshadow|def|1\n|-unboost|p1a: Marshadow|spd|1\n|-damage|p1a: Marshadow|59/242|[from] item: Life Orb\n|\n|-weather|none\n|upkeep\n|turn|6\n|\n|t:|1685147764\n|switch|p1a: Pikachu|Pikachu, L92, M|214/214\n|move|p2a: Emolga|Air Slash|p1a: Pikachu\n|-resisted|p1a: Pikachu\n|-damage|p1a: Pikachu|169/214\n|\n|upkeep\n|turn|7\n|\n|t:|1685147777\n|move|p2a: Emolga|Toxic|p1a: Pikachu\n|-status|p1a: Pikachu|tox\n|move|p1a: Pikachu|Iron Tail|p2a: Emolga|[miss]\n|-miss|p1a: Pikachu|p2a: Emolga\n|\n|-damage|p1a: Pikachu|156/214 tox|[from] psn\n|upkeep\n|turn|8\n|\n|t:|1685147791\n|switch|p1a: Aurorus|Aurorus, L84, F|344/344\n|-weather|Hail|[from] ability: Snow Warning|[of] p1a: Aurorus\n|move|p2a: Emolga|Roost|p2a: Emolga\n|-heal|p2a: Emolga|240/240\n|-singleturn|p2a: Emolga|move: Roost\n|\n|-weather|Hail|[upkeep]\n|-damage|p2a: Emolga|225/240|[from] Hail\n|upkeep\n|turn|9\n|\n|t:|1685147797\n|move|p2a: Emolga|Toxic|p1a: Aurorus\n|-status|p1a: Aurorus|tox\n|move|p1a: Aurorus|Blizzard|p2a: Emolga\n|-supereffective|p2a: Emolga\n|-damage|p2a: Emolga|0 fnt\n|faint|p2a: Emolga\n|\n|-weather|Hail|[upkeep]\n|-damage|p1a: Aurorus|323/344 tox|[from] psn\n|upkeep\n|\n|t:|1685147806\n|switch|p2a: Eiscue|Eiscue-Noice, L82, F|85/256\n|-activate|p2a: Eiscue|ability: Ice Face\n|detailschange|p2a: Eiscue|Eiscue, L82, F\n|turn|10\n|\n|t:|1685147811\n|move|p1a: Aurorus|Stealth Rock|p2a: Eiscue\n|-sidestart|p2: Pignicin|move: Stealth Rock\n|move|p2a: Eiscue|Liquidation|p1a: Aurorus\n|-supereffective|p1a: Aurorus\n|-damage|p1a: Aurorus|199/344 tox\n|\n|-weather|Hail|[upkeep]\n|-damage|p1a: Aurorus|157/344 tox|[from] psn\n|upkeep\n|turn|11\n|\n|t:|1685147819\n|move|p1a: Aurorus|Thunder Wave|p2a: Eiscue\n|-status|p2a: Eiscue|par\n|cant|p2a: Eiscue|par\n|\n|-weather|Hail|[upkeep]\n|-damage|p1a: Aurorus|94/344 tox|[from] psn\n|upkeep\n|turn|12\n|\n|t:|1685147826\n|move|p1a: Aurorus|Earth Power|p2a: Eiscue\n|-damage|p2a: Eiscue|20/256 par\n|-unboost|p2a: Eiscue|spd|1\n|move|p2a: Eiscue|Liquidation|p1a: Aurorus\n|-supereffective|p1a: Aurorus\n|-damage|p1a: Aurorus|0 fnt\n|faint|p1a: Aurorus\n|\n|-weather|none\n|upkeep\n|\n|t:|1685147835\n|switch|p1a: Pikachu|Pikachu, L92, M|156/214 tox\n|turn|13\n|\n|t:|1685147841\n|move|p1a: Pikachu|Volt Switch|p2a: Eiscue\n|-damage|p2a: Eiscue|0 fnt\n|faint|p2a: Eiscue\n|\n|t:|1685147853\n|switch|p1a: Marshadow|Marshadow, L70|59/242|[from] Volt Switch\n|\n|upkeep\n|\n|t:|1685147874\n|switch|p2a: Cinccino|Cinccino, L84, F|263/263\n|-damage|p2a: Cinccino|231/263|[from] Stealth Rock\n|turn|14\n|inactive|Pignicin has 270 seconds left.\n|\n|t:|1685147903\n|move|p2a: Cinccino|Bullet Seed|p1a: Marshadow\n|-damage|p1a: Marshadow|26/242\n|-damage|p1a: Marshadow|0 fnt\n|faint|p1a: Marshadow\n|-hitcount|p1: Marshadow|2\n|\n|upkeep\n|\n|t:|1685147913\n|switch|p1a: Greedent|Greedent, L84, F|339/339\n|turn|15\n|\n|t:|1685147927\n|move|p2a: Cinccino|Bullet Seed|p1a: Greedent\n|-damage|p1a: Greedent|314/339\n|-damage|p1a: Greedent|289/339\n|-damage|p1a: Greedent|264/339\n|-damage|p1a: Greedent|240/339\n|-damage|p1a: Greedent|214/339\n|-hitcount|p1a: Greedent|5\n|move|p1a: Greedent|Swords Dance|p1a: Greedent\n|-boost|p1a: Greedent|atk|2\n|\n|upkeep\n|turn|16\n|\n|t:|1685147939\n|switch|p2a: Slurpuff|Slurpuff, L80, F|262/262\n|-damage|p2a: Slurpuff|230/262|[from] Stealth Rock\n|move|p1a: Greedent|Body Slam|p2a: Slurpuff\n|-damage|p2a: Slurpuff|43/262\n|-status|p2a: Slurpuff|par\n|-enditem|p2a: Slurpuff|Sitrus Berry|[eat]\n|-heal|p2a: Slurpuff|108/262 par|[from] item: Sitrus Berry\n|\n|upkeep\n|turn|17\n|\n|t:|1685147959\n|move|p2a: Slurpuff|Facade|p1a: Greedent\n|-damage|p1a: Greedent|142/339\n|-enditem|p1a: Greedent|Sitrus Berry|[eat]\n|-heal|p1a: Greedent|226/339|[from] item: Sitrus Berry\n|-heal|p1a: Greedent|339/339|[from] ability: Cheek Pouch\n|move|p1a: Greedent|Body Slam|p2a: Slurpuff\n|-damage|p2a: Slurpuff|0 fnt\n|faint|p2a: Slurpuff\n|\n|upkeep\n|\n|t:|1685147967\n|switch|p2a: Cinccino|Cinccino, L84, F|231/263\n|-damage|p2a: Cinccino|199/263|[from] Stealth Rock\n|turn|18\n|\n|t:|1685147980\n|move|p2a: Cinccino|Tail Slap|p1a: Greedent\n|-damage|p1a: Greedent|305/339\n|-damage|p1a: Greedent|266/339\n|-damage|p1a: Greedent|229/339\n|-damage|p1a: Greedent|195/339\n|-damage|p1a: Greedent|158/339\n|-hitcount|p1a: Greedent|5\n|move|p1a: Greedent|Body Slam|p2a: Cinccino\n|-damage|p2a: Cinccino|0 fnt\n|faint|p2a: Cinccino\n|\n|upkeep\n|\n|t:|1685147982\n|switch|p2a: Jolteon|Jolteon, L82, F|241/241\n|-damage|p2a: Jolteon|211/241|[from] Stealth Rock\n|turn|19\n|\n|t:|1685147992\n|move|p2a: Jolteon|Hyper Voice|p1a: Greedent\n|-crit|p1a: Greedent\n|-damage|p1a: Greedent|0 fnt\n|faint|p1a: Greedent\n|\n|upkeep\n|\n|t:|1685147997\n|switch|p1a: Solgaleo|Solgaleo, L72|316/316\n|turn|20\n|\n|t:|1685148006\n|-start|p2a: Jolteon|Dynamax|\n|-heal|p2a: Jolteon|422/482|[silent]\n|move|p1a: Solgaleo|Sunsteel Strike|p2a: Jolteon\n|-resisted|p2a: Jolteon\n|-damage|p2a: Jolteon|356/482\n|move|p2a: Jolteon|Max Phantasm|p1a: Solgaleo\n|-supereffective|p1a: Solgaleo\n|-damage|p1a: Solgaleo|110/316\n|-fail|p1a: Solgaleo|unboost|[from] ability: Full Metal Body|[of] p1a: Solgaleo\n|\n|upkeep\n|turn|21\n|\n|t:|1685148015\n|switch|p1a: Pikachu|Pikachu, L92, M|156/214 tox\n|move|p2a: Jolteon|Max Phantasm|p1a: Pikachu\n|-damage|p1a: Pikachu|20/214 tox\n|-unboost|p1a: Pikachu|def|1\n|\n|-damage|p1a: Pikachu|7/214 tox|[from] psn\n|upkeep\n|turn|22\n|\n|t:|1685148023\n|move|p2a: Jolteon|Max Strike|p1a: Pikachu\n|-damage|p1a: Pikachu|0 fnt\n|faint|p1a: Pikachu\n|\n|upkeep\n|\n|t:|1685148027\n|switch|p1a: Solgaleo|Solgaleo, L72|110/316\n|-end|p2a: Jolteon|Dynamax\n|-heal|p2a: Jolteon|178/241|[silent]\n|turn|23\n|\n|t:|1685148031\n|move|p1a: Solgaleo|Flare Blitz|p2a: Jolteon\n|-crit|p2a: Jolteon\n|-damage|p2a: Jolteon|18/241\n|-status|p2a: Jolteon|brn\n|-damage|p1a: Solgaleo|57/316|[from] Recoil\n|move|p2a: Jolteon|Hyper Voice|p1a: Solgaleo\n|-resisted|p1a: Solgaleo\n|-damage|p1a: Solgaleo|0 fnt\n|faint|p1a: Solgaleo\n|\n|win|Pignicin\n|l|\u2606textuarycoast13\n", "inputlog": ">version 61c68e60481ef09071210320730fc448fef50368\n>start {\"formatid\":\"gen8randombattle\",\"seed\":[54940,39561,35960,54308]}\n>player p1 {\"name\":\"textuarycoast13\",\"avatar\":\"yellow\",\"rating\":0,\"seed\":[8881,62082,35127,50230]}\n>player p2 {\"name\":\"Pignicin\",\"avatar\":\"hooligans\",\"rating\":0,\"seed\":[13344,60418,14375,8810]}\n>p1 move stoneedge dynamax\n>p2 move knockoff\n>p2 switch 5\n>p1 move fly dynamax\n>p2 move iciclecrash\n>p1 move stoneedge dynamax\n>p2 move iciclecrash\n>p1 switch 3\n>p1 move rocktomb\n>p2 move zenheadbutt\n>p1 move closecombat\n>p2 switch 4\n>p1 switch 6\n>p2 move airslash\n>p1 move irontail\n>p2 move toxic\n>p1 switch 2\n>p2 move roost\n>p1 move blizzard\n>p2 move toxic\n>p2 switch 4\n>p1 move stealthrock\n>p2 move liquidation\n>p1 move thunderwave\n>p2 move liquidation\n>p1 move earthpower\n>p2 move liquidation\n>p1 switch 2\n>p1 move voltswitch\n>p2 move iciclecrash\n>p1 switch 6\n>p2 switch 2\n>p1 move rocktomb\n>p2 move bulletseed\n>p1 switch 5\n>p1 move swordsdance\n>p2 move bulletseed\n>p1 move bodyslam\n>p2 switch 3\n>p1 move bodyslam\n>p2 move facade\n>p2 switch 3\n>p1 move bodyslam\n>p2 move tailslap\n>p2 switch 6\n>p1 move earthquake\n>p2 move hypervoice\n>p1 switch 4\n>p1 move sunsteelstrike\n>p2 move shadowball dynamax\n>p1 switch 6\n>p2 move shadowball dynamax\n>p1 move irontail\n>p2 move hypervoice dynamax\n>p1 switch 6\n>p1 move flareblitz\n>p2 move hypervoice", "uploadtime": 1685148052, "views": 4, "p1id": "textuarycoast13", "p2id": "pignicin", "formatid": "gen8randombattle", "rating": 0, "private": 0, "password": ""}