{"id": "gen8randombattle-1871810472", "p1": "bandrizzlelol^-^\u273f", "p2": "Squirtell", "format": "[Gen 8] Random Battle", "log": "|j|\u2606bandrizzlelol^-^\u273f\n|j|\u2606Squirtell\n|t:|1685132809\n|gametype|singles\n|player|p1|bandrizzlelol^-^\u273f|1|\n|player|p2|Squirtell|richboy-gen4|\n|teamsize|p1|6\n|teamsize|p2|6\n|gen|8\n|tier|[Gen 8] Random Battle\n|rule|Species Clause: Limit one of each Pok\u00e9mon\n|rule|HP Percentage Mod: HP is shown in percentages\n|rule|Sleep Clause Mod: Limit one foe put to sleep\n|\n|t:|1685132809\n|start\n|switch|p1a: Jellicent|Jellicent, L84, F|305/305\n|switch|p2a: Cloyster|Cloyster, L80, M|211/211\n|turn|1\n|c|\u2606bandrizzlelol^-^\u273f|hf\n|c|\u2606Squirtell|hf\n|\n|t:|1685132843\n|switch|p2a: Decidueye|Decidueye, L86, F|274/274\n|move|p1a: Jellicent|Shadow Ball|p2a: Decidueye\n|-supereffective|p2a: Decidueye\n|-damage|p2a: Decidueye|130/274\n|\n|upkeep\n|turn|2\n|\n|t:|1685132870\n|switch|p1a: Articuno|Articuno, L84|288/288\n|-ability|p1a: Articuno|Pressure\n|move|p2a: Decidueye|Roost|p2a: Decidueye\n|-heal|p2a: Decidueye|267/274\n|-singleturn|p2a: Decidueye|move: Roost\n|\n|upkeep\n|turn|3\n|\n|t:|1685132881\n|switch|p2a: Flareon|Flareon, L86, F|251/251\n|move|p1a: Articuno|Freeze-Dry|p2a: Flareon\n|-resisted|p2a: Flareon\n|-damage|p2a: Flareon|221/251\n|\n|-status|p2a: Flareon|tox|[from] item: Toxic Orb\n|upkeep\n|turn|4\n|\n|t:|1685132917\n|switch|p1a: Jellicent|Jellicent, L84, F|305/305\n|move|p2a: Flareon|Flare Blitz|p1a: Jellicent\n|-resisted|p1a: Jellicent\n|-damage|p1a: Jellicent|150/305\n|-damage|p2a: Flareon|170/251 tox|[from] Recoil\n|\n|-heal|p1a: Jellicent|169/305|[from] item: Leftovers\n|-damage|p2a: Flareon|155/251 tox|[from] psn\n|upkeep\n|turn|5\n|\n|t:|1685132925\n|switch|p2a: Decidueye|Decidueye, L86, F|267/274\n|move|p1a: Jellicent|Recover|p1a: Jellicent\n|-heal|p1a: Jellicent|305/305\n|\n|upkeep\n|turn|6\n|\n|t:|1685132931\n|switch|p1a: Articuno|Articuno, L84|288/288\n|-ability|p1a: Articuno|Pressure\n|move|p2a: Decidueye|Poltergeist|p1a: Articuno\n|-activate|p1a: Articuno|move: Poltergeist|Heavy-Duty Boots\n|-damage|p1a: Articuno|132/288\n|-damage|p2a: Decidueye|240/274|[from] item: Life Orb\n|\n|upkeep\n|turn|7\n|\n|t:|1685132972\n|switch|p2a: Cloyster|Cloyster, L80, M|211/211\n|move|p1a: Articuno|Roost|p1a: Articuno\n|-heal|p1a: Articuno|276/288\n|-singleturn|p1a: Articuno|move: Roost\n|\n|upkeep\n|turn|8\n|\n|t:|1685132986\n|move|p1a: Articuno|Freeze-Dry|p2a: Cloyster\n|-damage|p2a: Cloyster|94/211\n|move|p2a: Cloyster|Rock Blast|p1a: Articuno\n|-supereffective|p1a: Articuno\n|-crit|p1a: Articuno\n|-damage|p1a: Articuno|192/288\n|-supereffective|p1a: Articuno\n|-damage|p1a: Articuno|132/288\n|-supereffective|p1a: Articuno\n|-damage|p1a: Articuno|72/288\n|-supereffective|p1a: Articuno\n|-damage|p1a: Articuno|8/288\n|-supereffective|p1a: Articuno\n|-damage|p1a: Articuno|0 fnt\n|faint|p1a: Articuno\n|-hitcount|p1: Articuno|5\n|\n|upkeep\n|\n|t:|1685133002\n|switch|p1a: Dedenne|Dedenne, L87, M|258/258\n|turn|9\n|\n|t:|1685133023\n|switch|p2a: Decidueye|Decidueye, L86, F|240/274\n|move|p1a: Dedenne|Thunderbolt|p2a: Decidueye\n|-resisted|p2a: Decidueye\n|-damage|p2a: Decidueye|201/274\n|\n|upkeep\n|turn|10\n|\n|t:|1685133041\n|move|p1a: Dedenne|Toxic|p2a: Decidueye\n|-status|p2a: Decidueye|tox\n|move|p2a: Decidueye|Leaf Blade|p1a: Dedenne\n|-crit|p1a: Dedenne\n|-damage|p1a: Dedenne|1/258\n|-enditem|p1a: Dedenne|Sitrus Berry|[eat]\n|-heal|p1a: Dedenne|65/258|[from] item: Sitrus Berry\n|-heal|p1a: Dedenne|151/258|[from] ability: Cheek Pouch\n|-damage|p2a: Decidueye|174/274 tox|[from] item: Life Orb\n|\n|-damage|p2a: Decidueye|157/274 tox|[from] psn\n|upkeep\n|turn|11\n|\n|t:|1685133053\n|move|p1a: Dedenne|Protect|p1a: Dedenne\n|-singleturn|p1a: Dedenne|Protect\n|move|p2a: Decidueye|Leaf Blade|p1a: Dedenne\n|-activate|p1a: Dedenne|move: Protect\n|\n|-damage|p2a: Decidueye|123/274 tox|[from] psn\n|upkeep\n|turn|12\n|\n|t:|1685133060\n|move|p1a: Dedenne|Thunderbolt|p2a: Decidueye\n|-resisted|p2a: Decidueye\n|-damage|p2a: Decidueye|81/274 tox\n|move|p2a: Decidueye|Leaf Blade|p1a: Dedenne\n|-damage|p1a: Dedenne|0 fnt\n|faint|p1a: Dedenne\n|-damage|p2a: Decidueye|54/274 tox|[from] item: Life Orb\n|\n|-damage|p2a: Decidueye|3/274 tox|[from] psn\n|upkeep\n|\n|t:|1685133075\n|switch|p1a: Carracosta|Carracosta, L84, M|262/262\n|turn|13\n|\n|t:|1685133104\n|switch|p2a: Primarina|Primarina, L82, F|265/265\n|move|p1a: Carracosta|Aqua Jet|p2a: Primarina\n|-resisted|p2a: Primarina\n|-damage|p2a: Primarina|237/265\n|\n|upkeep\n|turn|14\n|\n|t:|1685133126\n|switch|p1a: Jellicent|Jellicent, L84, F|305/305\n|move|p2a: Primarina|Energy Ball|p1a: Jellicent\n|-supereffective|p1a: Jellicent\n|-damage|p1a: Jellicent|169/305\n|\n|-heal|p1a: Jellicent|188/305|[from] item: Leftovers\n|upkeep\n|turn|15\n|\n|t:|1685133176\n|-start|p2a: Primarina|Dynamax|\n|-heal|p2a: Primarina|474/530|[silent]\n|move|p1a: Jellicent|Shadow Ball|p2a: Primarina\n|-damage|p2a: Primarina|414/530\n|move|p2a: Primarina|Max Overgrowth|p1a: Jellicent\n|-supereffective|p1a: Jellicent\n|-damage|p1a: Jellicent|0 fnt\n|-fieldstart|move: Grassy Terrain\n|faint|p1a: Jellicent\n|\n|-heal|p2a: Primarina|430/530|[from] Grassy Terrain\n|upkeep\n|\n|t:|1685133190\n|switch|p1a: Zekrom|Zekrom, L69|252/252\n|-ability|p1a: Zekrom|Teravolt\n|turn|16\n|\n|t:|1685133198\n|-start|p1a: Zekrom|Dynamax|\n|-heal|p1a: Zekrom|504/504|[silent]\n|move|p1a: Zekrom|Max Lightning|p2a: Primarina\n|-supereffective|p2a: Primarina\n|-damage|p2a: Primarina|124/530\n|-fieldstart|move: Electric Terrain\n|move|p2a: Primarina|Max Starfall|p1a: Zekrom\n|-supereffective|p1a: Zekrom\n|-damage|p1a: Zekrom|166/504\n|-fieldstart|move: Misty Terrain\n|\n|upkeep\n|turn|17\n|\n|t:|1685133212\n|-end|p2a: Primarina|Dynamax\n|-heal|p2a: Primarina|62/265|[silent]\n|switch|p2a: Decidueye|Decidueye, L86, F|3/274 tox\n|move|p1a: Zekrom|Max Lightning|p2a: Decidueye\n|-resisted|p2a: Decidueye\n|-damage|p2a: Decidueye|0 fnt\n|-fieldstart|move: Electric Terrain\n|faint|p2a: Decidueye\n|\n|upkeep\n|\n|t:|1685133239\n|switch|p2a: Primarina|Primarina, L82, F|62/265\n|turn|18\n|\n|t:|1685133245\n|move|p2a: Primarina|Moonblast|p1a: Zekrom\n|-supereffective|p1a: Zekrom\n|-damage|p1a: Zekrom|0 fnt\n|faint|p1a: Zekrom\n|\n|upkeep\n|\n|t:|1685133248\n|switch|p1a: Carracosta|Carracosta, L84, M|262/262\n|turn|19\n|\n|t:|1685133255\n|move|p2a: Primarina|Moonblast|p1a: Carracosta\n|-damage|p1a: Carracosta|106/262\n|move|p1a: Carracosta|Shell Smash|p1a: Carracosta\n|-unboost|p1a: Carracosta|def|1\n|-unboost|p1a: Carracosta|spd|1\n|-boost|p1a: Carracosta|atk|2\n|-boost|p1a: Carracosta|spa|2\n|-boost|p1a: Carracosta|spe|2\n|\n|upkeep\n|turn|20\n|\n|t:|1685133269\n|move|p1a: Carracosta|Aqua Jet|p2a: Primarina\n|-resisted|p2a: Primarina\n|-damage|p2a: Primarina|7/265\n|move|p2a: Primarina|Moonblast|p1a: Carracosta\n|-damage|p1a: Carracosta|0 fnt\n|faint|p1a: Carracosta\n|\n|upkeep\n|\n|t:|1685133271\n|switch|p1a: Pangoro|Pangoro, L84, F|297/297\n|turn|21\n|c|\u2606bandrizzlelol^-^\u273f|ggs\n|\n|t:|1685133275\n|move|p2a: Primarina|Moonblast|p1a: Pangoro\n|-supereffective|p1a: Pangoro\n|-damage|p1a: Pangoro|0 fnt\n|faint|p1a: Pangoro\n|\n|win|Squirtell\n|l|\u2606bandrizzlelol^-^\u273f\n|c|\u2606Squirtell|ggs\n", "inputlog": ">version 61c68e60481ef09071210320730fc448fef50368\n>start {\"formatid\":\"gen8randombattle\",\"seed\":[46901,12616,31049,21999]}\n>player p1 {\"name\":\"bandrizzlelol^-^\u273f\",\"avatar\":\"1\",\"rating\":0,\"seed\":[56123,57059,39890,42689]}\n>player p2 {\"name\":\"Squirtell\",\"avatar\":\"richboy-gen4\",\"rating\":0,\"seed\":[53644,39135,2750,54435]}\n>chat \u2606bandrizzlelol^-^\u273f|hf\n>chat \u2606Squirtell|hf\n>p1 move shadowball\n>p2 switch 5\n>p1 switch 6\n>p2 move roost\n>p1 move freezedry\n>p2 switch 4\n>p1 switch 6\n>p2 move flareblitz\n>p1 move recover\n>p2 switch 4\n>p1 switch 6\n>p2 move poltergeist\n>p1 move roost\n>p2 switch 5\n>p1 move freezedry\n>p2 move rockblast\n>p1 switch 3\n>p1 move thunderbolt\n>p2 switch 5\n>p1 move toxic\n>p2 move leafblade\n>p1 move protect\n>p2 move leafblade\n>p1 move thunderbolt\n>p2 move leafblade\n>p1 switch 4\n>p1 move aquajet\n>p2 switch 3\n>p1 switch 6\n>p2 move energyball\n>p1 move shadowball\n>p2 move energyball dynamax\n>p1 switch 2\n>p1 move boltstrike dynamax\n>p2 move moonblast dynamax\n>p1 move boltstrike dynamax\n>p2 switch 3\n>p2 switch 3\n>p1 move boltstrike dynamax\n>p2 move moonblast\n>p1 switch 6\n>p1 move shellsmash\n>p2 move moonblast\n>p1 move aquajet\n>p2 move moonblast\n>p1 switch 5\n>chat \u2606bandrizzlelol^-^\u273f|ggs\n>p1 move knockoff\n>p2 move moonblast", "uploadtime": 1685133282, "views": 11, "p1id": "bandrizzlelol", "p2id": "squirtell", "formatid": "gen8randombattle", "rating": 0, "private": 0, "password": ""}