{"id": "gen8randombattle-1865784960", "p1": "Sharath47", "p2": "hex1234", "format": "[Gen 8] Random Battle", "log": "|j|\u2606Sharath47\n|j|\u2606hex1234\n|t:|1684337738\n|gametype|singles\n|player|p1|Sharath47|266|\n|player|p2|hex1234|red|\n|teamsize|p1|6\n|teamsize|p2|6\n|gen|8\n|tier|[Gen 8] Random Battle\n|rule|Species Clause: Limit one of each Pok\u00e9mon\n|rule|HP Percentage Mod: HP is shown in percentages\n|rule|Sleep Clause Mod: Limit one foe put to sleep\n|\n|t:|1684337738\n|start\n|switch|p1a: Vaporeon|Vaporeon, L84, F|356/356\n|switch|p2a: Rhyperior|Rhyperior, L82, M|323/323\n|turn|1\n|j| PUNITH47\n|\n|t:|1684337797\n|switch|p2a: Ludicolo|Ludicolo, L86, M|278/278\n|move|p1a: Vaporeon|Scald|p2a: Ludicolo\n|-resisted|p2a: Ludicolo\n|-damage|p2a: Ludicolo|259/278\n|-status|p2a: Ludicolo|brn\n|\n|-damage|p2a: Ludicolo|242/278 brn|[from] brn\n|upkeep\n|turn|2\n|j| yukiii512\n|\n|t:|1684337897\n|switch|p1a: Roserade|Roserade, L84, M|238/238\n|move|p2a: Ludicolo|Giga Drain|p1a: Roserade\n|-resisted|p1a: Roserade\n|-damage|p1a: Roserade|217/238\n|-heal|p2a: Ludicolo|253/278 brn|[from] drain|[of] p1a: Roserade\n|-damage|p2a: Ludicolo|226/278 brn|[from] item: Life Orb\n|\n|-heal|p1a: Roserade|231/238|[from] item: Black Sludge\n|-damage|p2a: Ludicolo|209/278 brn|[from] brn\n|upkeep\n|turn|3\n|\n|t:|1684337924\n|switch|p2a: Sigilyph|Sigilyph, L83, M|255/255\n|move|p1a: Roserade|Sludge Bomb|p2a: Sigilyph\n|-damage|p2a: Sigilyph|131/255\n|\n|-heal|p1a: Roserade|238/238|[from] item: Black Sludge\n|upkeep\n|turn|4\n|\n|t:|1684337982\n|move|p2a: Sigilyph|Air Slash|p1a: Roserade\n|-supereffective|p1a: Roserade\n|-damage|p1a: Roserade|35/238\n|move|p1a: Roserade|Sleep Powder|p2a: Sigilyph\n|-status|p2a: Sigilyph|slp|[from] move: Sleep Powder\n|\n|-heal|p1a: Roserade|49/238|[from] item: Black Sludge\n|upkeep\n|turn|5\n|l|\u2606hex1234\n|player|p2|\n|j|\u2606hex1234\n|player|p2|hex1234|red\n|\n|t:|1684338014\n|cant|p2a: Sigilyph|slp\n|move|p1a: Roserade|Sludge Bomb|p2a: Sigilyph\n|-damage|p2a: Sigilyph|0 fnt\n|faint|p2a: Sigilyph\n|\n|-heal|p1a: Roserade|63/238|[from] item: Black Sludge\n|upkeep\n|\n|t:|1684338037\n|switch|p2a: Rhyperior|Rhyperior, L82, M|323/323\n|turn|6\n|\n|t:|1684338071\n|switch|p2a: Malamar|Malamar, L80, M|269/269\n|move|p1a: Roserade|Sleep Powder|p2a: Malamar\n|-status|p2a: Malamar|slp|[from] move: Sleep Powder\n|\n|-heal|p1a: Roserade|77/238|[from] item: Black Sludge\n|upkeep\n|turn|7\n|\n|t:|1684338169\n|switch|p1a: Grimmsnarl|Grimmsnarl, L82, M|290/290\n|cant|p2a: Malamar|slp\n|\n|upkeep\n|turn|8\n|l|\u2606hex1234\n|player|p2|\n|j|\u2606hex1234\n|player|p2|hex1234|red\n|\n|t:|1684338241\n|switch|p2a: Rillaboom|Rillaboom, L78, M|284/284\n|-fieldstart|move: Grassy Terrain|[from] ability: Grassy Surge|[of] p2a: Rillaboom\n|-enditem|p2a: Rillaboom|Grassy Seed\n|-boost|p2a: Rillaboom|def|1|[from] item: Grassy Seed\n|move|p1a: Grimmsnarl|Play Rough|p2a: Rillaboom\n|-damage|p2a: Rillaboom|193/284\n|-damage|p1a: Grimmsnarl|261/290|[from] item: Life Orb\n|\n|-heal|p2a: Rillaboom|210/284|[from] Grassy Terrain\n|-heal|p1a: Grimmsnarl|279/290|[from] Grassy Terrain\n|upkeep\n|turn|9\n|l|\u2606hex1234\n|player|p2|\n|j|\u2606hex1234\n|player|p2|hex1234|red\n|\n|t:|1684338370\n|switch|p1a: Druddigon|Druddigon, L84, M|267/267\n|move|p2a: Rillaboom|High Horsepower|p1a: Druddigon\n|-damage|p1a: Druddigon|191/267\n|-damage|p2a: Rillaboom|175/284|[from] ability: Rough Skin|[of] p1a: Druddigon\n|\n|-heal|p2a: Rillaboom|192/284|[from] Grassy Terrain\n|-heal|p1a: Druddigon|207/267|[from] Grassy Terrain\n|upkeep\n|turn|10\n|\n|t:|1684338392\n|move|p2a: Rillaboom|Swords Dance|p2a: Rillaboom\n|-boost|p2a: Rillaboom|atk|2\n|move|p1a: Druddigon|Gunk Shot|p2a: Rillaboom\n|-supereffective|p2a: Rillaboom\n|-damage|p2a: Rillaboom|0 fnt\n|faint|p2a: Rillaboom\n|\n|-heal|p1a: Druddigon|223/267|[from] Grassy Terrain\n|upkeep\n|\n|t:|1684338410\n|switch|p2a: Ludicolo|Ludicolo, L86, M|209/278 brn\n|turn|11\n|\n|t:|1684338424\n|move|p2a: Ludicolo|Ice Beam|p1a: Druddigon\n|-supereffective|p1a: Druddigon\n|-damage|p1a: Druddigon|59/267\n|-damage|p2a: Ludicolo|182/278 brn|[from] item: Life Orb\n|move|p1a: Druddigon|Gunk Shot|p2a: Ludicolo\n|-supereffective|p2a: Ludicolo\n|-damage|p2a: Ludicolo|0 fnt\n|faint|p2a: Ludicolo\n|\n|-heal|p1a: Druddigon|75/267|[from] Grassy Terrain\n|upkeep\n|\n|t:|1684338442\n|switch|p2a: Rhyperior|Rhyperior, L82, M|323/323\n|turn|12\n|\n|t:|1684338486\n|move|p1a: Druddigon|Gunk Shot|p2a: Rhyperior|[miss]\n|-miss|p1a: Druddigon|p2a: Rhyperior\n|move|p2a: Rhyperior|Earthquake|p1a: Druddigon\n|-damage|p1a: Druddigon|3/267\n|\n|-heal|p1a: Druddigon|19/267|[from] Grassy Terrain\n|-fieldend|move: Grassy Terrain\n|upkeep\n|turn|13\n|\n|t:|1684338496\n|move|p1a: Druddigon|Gunk Shot|p2a: Rhyperior\n|-resisted|p2a: Rhyperior\n|-damage|p2a: Rhyperior|296/323\n|-status|p2a: Rhyperior|psn\n|move|p2a: Rhyperior|Stone Edge|p1a: Druddigon\n|-crit|p1a: Druddigon\n|-damage|p1a: Druddigon|0 fnt\n|faint|p1a: Druddigon\n|\n|-damage|p2a: Rhyperior|256/323 psn|[from] psn\n|upkeep\n|c|\u2606hex1234|Bro\n|c|\u2606hex1234|Kyas\n|\n|t:|1684338547\n|switch|p1a: Roserade|Roserade, L84, M|77/238\n|turn|14\n|\n|t:|1684338553\n|move|p1a: Roserade|Synthesis|p1a: Roserade\n|-heal|p1a: Roserade|196/238\n|move|p2a: Rhyperior|Fire Punch|p1a: Roserade\n|-supereffective|p1a: Roserade\n|-damage|p1a: Roserade|36/238\n|\n|-heal|p1a: Roserade|50/238|[from] item: Black Sludge\n|-damage|p2a: Rhyperior|216/323 psn|[from] psn\n|upkeep\n|turn|15\n|\n|t:|1684338576\n|move|p1a: Roserade|Leaf Storm|p2a: Rhyperior\n|-supereffective|p2a: Rhyperior\n|-damage|p2a: Rhyperior|0 fnt\n|-unboost|p1a: Roserade|spa|2\n|faint|p2a: Rhyperior\n|\n|-heal|p1a: Roserade|64/238|[from] item: Black Sludge\n|upkeep\n|\n|t:|1684338599\n|switch|p2a: Malamar|Malamar, L80, M|269/269 slp\n|turn|16\n|\n|t:|1684338609\n|move|p1a: Roserade|Synthesis|p1a: Roserade\n|-heal|p1a: Roserade|183/238\n|cant|p2a: Malamar|slp\n|\n|-heal|p1a: Roserade|197/238|[from] item: Black Sludge\n|upkeep\n|turn|17\n|\n|t:|1684338628\n|-start|p2a: Malamar|Dynamax|\n|-heal|p2a: Malamar|538/538 slp|[silent]\n|move|p1a: Roserade|Sleep Powder|p2a: Malamar\n|-fail|p2a: Malamar|slp\n|cant|p2a: Malamar|slp\n|\n|-heal|p1a: Roserade|211/238|[from] item: Black Sludge\n|upkeep\n|turn|18\n|\n|t:|1684338652\n|-curestatus|p2a: Malamar|slp|[msg]\n|move|p2a: Malamar|Max Guard|p2a: Malamar\n|-singleturn|p2a: Malamar|Max Guard\n|move|p1a: Roserade|Sleep Powder|p2a: Malamar\n|-activate|p2a: Malamar|move: Max Guard\n|\n|-heal|p1a: Roserade|225/238|[from] item: Black Sludge\n|upkeep\n|turn|19\n|\n|t:|1684338663\n|move|p1a: Roserade|Sleep Powder|p2a: Malamar\n|-status|p2a: Malamar|slp|[from] move: Sleep Powder\n|cant|p2a: Malamar|slp\n|\n|-heal|p1a: Roserade|238/238|[from] item: Black Sludge\n|upkeep\n|-end|p2a: Malamar|Dynamax\n|-heal|p2a: Malamar|269/269 slp|[silent]\n|turn|20\n|\n|t:|1684338691\n|switch|p1a: Grimmsnarl|Grimmsnarl, L82, M|279/290\n|switch|p2a: Reshiram|Reshiram, L74|270/270\n|-ability|p2a: Reshiram|Turboblaze\n|\n|upkeep\n|turn|21\n|\n|t:|1684338728\n|switch|p1a: Hippowdon|Hippowdon, L80, F|304/304\n|-weather|Sandstorm|[from] ability: Sand Stream|[of] p1a: Hippowdon\n|move|p2a: Reshiram|Toxic|p1a: Hippowdon\n|-status|p1a: Hippowdon|tox\n|\n|-weather|Sandstorm|[upkeep]\n|-damage|p2a: Reshiram|254/270|[from] Sandstorm\n|-heal|p2a: Reshiram|270/270|[from] item: Leftovers\n|-damage|p1a: Hippowdon|285/304 tox|[from] psn\n|upkeep\n|turn|22\n|\n|t:|1684338747\n|move|p2a: Reshiram|Blue Flare|p1a: Hippowdon\n|-damage|p1a: Hippowdon|111/304 tox\n|move|p1a: Hippowdon|Earthquake|p2a: Reshiram\n|-supereffective|p2a: Reshiram\n|-damage|p2a: Reshiram|52/270\n|\n|-weather|Sandstorm|[upkeep]\n|-damage|p2a: Reshiram|36/270|[from] Sandstorm\n|-heal|p2a: Reshiram|52/270|[from] item: Leftovers\n|-heal|p1a: Hippowdon|130/304 tox|[from] item: Leftovers\n|-damage|p1a: Hippowdon|92/304 tox|[from] psn\n|upkeep\n|turn|23\n|\n|t:|1684338783\n|-start|p1a: Hippowdon|Dynamax|\n|-heal|p1a: Hippowdon|184/608 tox|[silent]\n|move|p2a: Reshiram|Blue Flare|p1a: Hippowdon\n|-damage|p1a: Hippowdon|0 fnt\n|faint|p1a: Hippowdon\n|\n|-weather|Sandstorm|[upkeep]\n|-damage|p2a: Reshiram|36/270|[from] Sandstorm\n|-heal|p2a: Reshiram|52/270|[from] item: Leftovers\n|upkeep\n|\n|t:|1684338800\n|switch|p1a: Roserade|Roserade, L84, M|238/238\n|turn|24\n|\n|t:|1684338873\n|move|p1a: Roserade|Sludge Bomb|p2a: Reshiram\n|-damage|p2a: Reshiram|0 fnt\n|faint|p2a: Reshiram\n|\n|-weather|Sandstorm|[upkeep]\n|-damage|p1a: Roserade|224/238|[from] Sandstorm\n|-heal|p1a: Roserade|238/238|[from] item: Black Sludge\n|upkeep\n|\n|t:|1684338882\n|switch|p2a: Malamar|Malamar, L80, M|269/269 slp\n|turn|25\n|\n|t:|1684338896\n|move|p1a: Roserade|Leaf Storm|p2a: Malamar\n|-damage|p2a: Malamar|74/269 slp\n|-unboost|p1a: Roserade|spa|2\n|cant|p2a: Malamar|slp\n|\n|-weather|none\n|-heal|p2a: Malamar|90/269 slp|[from] item: Leftovers\n|upkeep\n|turn|26\n|\n|t:|1684338910\n|move|p1a: Roserade|Sleep Powder|p2a: Malamar|[miss]\n|-miss|p1a: Roserade|p2a: Malamar\n|cant|p2a: Malamar|slp\n|\n|-heal|p2a: Malamar|106/269 slp|[from] item: Leftovers\n|upkeep\n|turn|27\n|\n|t:|1684338939\n|move|p1a: Roserade|Sleep Powder|p2a: Malamar\n|-fail|p2a: Malamar|slp\n|-curestatus|p2a: Malamar|slp|[msg]\n|move|p2a: Malamar|Superpower|p1a: Roserade\n|-resisted|p1a: Roserade\n|-damage|p1a: Roserade|194/238\n|-boost|p2a: Malamar|atk|1\n|-boost|p2a: Malamar|def|1\n|\n|-heal|p1a: Roserade|208/238|[from] item: Black Sludge\n|-heal|p2a: Malamar|122/269|[from] item: Leftovers\n|upkeep\n|turn|28\n|\n|t:|1684338985\n|move|p1a: Roserade|Sleep Powder|p2a: Malamar\n|-status|p2a: Malamar|slp|[from] move: Sleep Powder\n|cant|p2a: Malamar|slp\n|\n|-heal|p1a: Roserade|222/238|[from] item: Black Sludge\n|-heal|p2a: Malamar|138/269 slp|[from] item: Leftovers\n|upkeep\n|turn|29\n|\n|t:|1684339027\n|move|p1a: Roserade|Sludge Bomb|p2a: Malamar\n|-damage|p2a: Malamar|63/269 slp\n|-curestatus|p2a: Malamar|slp|[msg]\n|move|p2a: Malamar|Superpower|p1a: Roserade\n|-resisted|p1a: Roserade\n|-damage|p1a: Roserade|151/238\n|-boost|p2a: Malamar|atk|1\n|-boost|p2a: Malamar|def|1\n|\n|-heal|p1a: Roserade|165/238|[from] item: Black Sludge\n|-heal|p2a: Malamar|79/269|[from] item: Leftovers\n|upkeep\n|turn|30\n|\n|t:|1684339057\n|move|p1a: Roserade|Sleep Powder|p2a: Malamar\n|-status|p2a: Malamar|slp|[from] move: Sleep Powder\n|cant|p2a: Malamar|slp\n|\n|-heal|p1a: Roserade|179/238|[from] item: Black Sludge\n|-heal|p2a: Malamar|95/269 slp|[from] item: Leftovers\n|upkeep\n|turn|31\n|\n|t:|1684339115\n|switch|p1a: Grimmsnarl|Grimmsnarl, L82, M|279/290\n|cant|p2a: Malamar|slp\n|\n|-heal|p2a: Malamar|111/269 slp|[from] item: Leftovers\n|upkeep\n|turn|32\n|l| PUNITH47\n|\n|t:|1684339150\n|cant|p2a: Malamar|slp\n|move|p1a: Grimmsnarl|Play Rough|p2a: Malamar\n|-supereffective|p2a: Malamar\n|-damage|p2a: Malamar|0 fnt\n|faint|p2a: Malamar\n|-damage|p1a: Grimmsnarl|250/290|[from] item: Life Orb\n|\n|win|Sharath47\n|j| PUNITH47\n", "inputlog": ">version 3f967b429d9dd76d8eb692efdd7dfe9038092d20\n>start {\"formatid\":\"gen8randombattle\",\"seed\":[52297,48075,56531,54561]}\n>player p1 {\"name\":\"Sharath47\",\"avatar\":\"266\",\"rating\":0,\"seed\":[64852,65093,63727,2228]}\n>player p2 {\"name\":\"hex1234\",\"avatar\":\"red\",\"rating\":0,\"seed\":[7874,55148,58008,9313]}\n>p1 move scald\n>p2 switch 4\n>p1 switch 5\n>p2 move gigadrain\n>p1 move sludgebomb\n>p2 switch 2\n>p1 move sleeppowder\n>p2 move airslash\n>p1 move sludgebomb\n>p2 move airslash\n>p2 switch 4\n>p1 move sleeppowder\n>p2 switch 5\n>p1 switch 3\n>p2 move knockoff\n>p1 move playrough\n>p2 switch 3\n>p1 switch 2\n>p2 move highhorsepower\n>p1 move gunkshot\n>p2 move swordsdance\n>p2 switch 2\n>p1 move gunkshot\n>p2 move icebeam\n>p2 switch 5\n>p1 move gunkshot\n>p2 move earthquake\n>p1 move gunkshot\n>p2 move stoneedge\n>chat \u2606hex1234|Bro\n>chat \u2606hex1234|Kys\n>chat \u2606hex1234|Kyas\n>p1 switch 3\n>p1 move synthesis\n>p2 move firepunch\n>p1 move leafstorm\n>p2 move firepunch\n>p2 switch 3\n>p1 move synthesis\n>p2 move superpower\n>p1 move sleeppowder\n>p2 move knockoff dynamax\n>p1 move sleeppowder\n>p2 move rest dynamax\n>p1 move sleeppowder\n>p2 move superpower dynamax\n>p1 switch 2\n>p2 switch 6\n>p1 switch 6\n>p2 move toxic\n>p1 move earthquake\n>p2 move blueflare\n>p1 move earthquake dynamax\n>p2 move blueflare\n>p1 switch 2\n>p1 move sludgebomb\n>p2 move roost\n>p2 switch 6\n>p1 move leafstorm\n>p2 move superpower\n>p1 move sleeppowder\n>p2 move superpower\n>p1 move sleeppowder\n>p2 move superpower\n>p1 move sleeppowder\n>p2 move knockoff\n>p1 move sludgebomb\n>p2 move superpower\n>p1 move sleeppowder\n>p2 move superpower\n>p1 switch 6\n>p2 move superpower\n>p1 move playrough\n>p2 move superpower", "uploadtime": 1684339234, "views": 4, "p1id": "sharath47", "p2id": "hex1234", "formatid": "gen8randombattle", "rating": 0, "private": 0, "password": ""}