|j|☆MKsorkt
|j|☆lauda Mera
|t:|1683839318
|gametype|singles
|player|p1|MKsorkt|gardenia|1208
|player|p2|lauda Mera|hilbert-wonderlauncher|1494
|teamsize|p1|6
|teamsize|p2|6
|gen|8
|tier|[Gen 8] Random Battle
|rated|
|rule|Species Clause: Limit one of each Pokémon
|rule|HP Percentage Mod: HP is shown in percentages
|rule|Sleep Clause Mod: Limit one foe put to sleep
|
|t:|1683839318
|start
|switch|p1a: Turtonator|Turtonator, L84, M|238/238
|switch|p2a: Talonflame|Talonflame, L81, M|259/259
|turn|1
|inactive|Battle timer is ON: inactive players will automatically lose when time's up. (requested by lauda Mera)
|
|t:|1683839326
|switch|p2a: Qwilfish|Qwilfish, L84, F|246/246
|-ability|p2a: Qwilfish|Intimidate|boost
|-unboost|p1a: Turtonator|atk|1
|-enditem|p1a: Turtonator|White Herb
|-clearnegativeboost|p1a: Turtonator|[silent]
|move|p1a: Turtonator|Shell Smash|p1a: Turtonator
|-unboost|p1a: Turtonator|def|1
|-unboost|p1a: Turtonator|spd|1
|-boost|p1a: Turtonator|atk|2
|-boost|p1a: Turtonator|spa|2
|-boost|p1a: Turtonator|spe|2
|
|upkeep
|turn|2
|inactive|MKsorkt has 120 seconds left.
|
|t:|1683839383
|move|p1a: Turtonator|Shell Smash|p1a: Turtonator
|-unboost|p1a: Turtonator|def|1
|-unboost|p1a: Turtonator|spd|1
|-boost|p1a: Turtonator|atk|2
|-boost|p1a: Turtonator|spa|2
|-boost|p1a: Turtonator|spe|2
|move|p2a: Qwilfish|Waterfall|p1a: Turtonator
|-damage|p1a: Turtonator|120/238
|
|upkeep
|turn|3
|
|t:|1683839403
|-start|p1a: Turtonator|Dynamax|
|-heal|p1a: Turtonator|240/476|[silent]
|move|p1a: Turtonator|Max Quake|p2a: Qwilfish
|-supereffective|p2a: Qwilfish
|-damage|p2a: Qwilfish|0 fnt
|-boost|p1a: Turtonator|spd|1
|faint|p2a: Qwilfish
|
|upkeep
|
|t:|1683839406
|switch|p2a: Regirock|Regirock, L85|275/275
|turn|4
|
|t:|1683839409
|move|p1a: Turtonator|Max Wyrmwind|p2a: Regirock
|-ability|p2a: Regirock|Sturdy
|-damage|p2a: Regirock|1/275
|-unboost|p2a: Regirock|atk|1
|move|p2a: Regirock|Rock Slide|p1a: Turtonator
|-supereffective|p1a: Turtonator
|-damage|p1a: Turtonator|84/476
|
|upkeep
|turn|5
|
|t:|1683839414
|move|p1a: Turtonator|Max Flare|p2a: Regirock
|-resisted|p2a: Regirock
|-damage|p2a: Regirock|0 fnt
|-weather|SunnyDay
|faint|p2a: Regirock
|
|-weather|SunnyDay|[upkeep]
|upkeep
|
|t:|1683839417
|switch|p2a: Talonflame|Talonflame, L81, M|259/259
|-end|p1a: Turtonator|Dynamax
|-heal|p1a: Turtonator|42/238|[silent]
|turn|6
|
|t:|1683839425
|-start|p2a: Talonflame|Dynamax|
|-heal|p2a: Talonflame|518/518|[silent]
|move|p1a: Turtonator|Fire Blast|p2a: Talonflame
|-resisted|p2a: Talonflame
|-damage|p2a: Talonflame|200/518
|move|p2a: Talonflame|Max Airstream|p1a: Turtonator
|-damage|p1a: Turtonator|0 fnt
|-boost|p2a: Talonflame|spe|1
|faint|p1a: Turtonator
|
|-weather|SunnyDay|[upkeep]
|upkeep
|
|t:|1683839434
|switch|p1a: Raichu|Raichu, L86, M|243/243
|turn|7
|
|t:|1683839447
|move|p2a: Talonflame|Max Flare|p1a: Raichu
|-damage|p1a: Raichu|0 fnt
|faint|p1a: Raichu
|
|-weather|SunnyDay|[upkeep]
|upkeep
|
|t:|1683839451
|switch|p1a: Mamoswine|Mamoswine, L80, M|307/307
|turn|8
|
|t:|1683839454
|move|p1a: Mamoswine|Ice Shard|p2a: Talonflame
|-damage|p2a: Talonflame|118/518
|move|p2a: Talonflame|Max Flare|p1a: Mamoswine
|-supereffective|p1a: Mamoswine
|-damage|p1a: Mamoswine|103/307
|
|-weather|SunnyDay|[upkeep]
|upkeep
|-end|p2a: Talonflame|Dynamax
|-heal|p2a: Talonflame|59/259|[silent]
|turn|9
|
|t:|1683839461
|switch|p2a: Vanilluxe|Vanilluxe, L82, F|251/251
|-weather|Hail|[from] ability: Snow Warning|[of] p2a: Vanilluxe
|move|p1a: Mamoswine|Ice Shard|p2a: Vanilluxe
|-resisted|p2a: Vanilluxe
|-damage|p2a: Vanilluxe|213/251
|
|-weather|Hail|[upkeep]
|upkeep
|turn|10
|
|t:|1683839469
|switch|p1a: Clefable|Clefable, L82, M|290/290
|move|p2a: Vanilluxe|Aurora Veil|p2a: Vanilluxe
|-sidestart|p2: lauda Mera|move: Aurora Veil
|
|-weather|Hail|[upkeep]
|upkeep
|turn|11
|
|t:|1683839471
|move|p2a: Vanilluxe|Blizzard|p1a: Clefable
|-damage|p1a: Clefable|178/290
|move|p1a: Clefable|Calm Mind|p1a: Clefable
|-boost|p1a: Clefable|spa|1
|-boost|p1a: Clefable|spd|1
|
|-weather|Hail|[upkeep]
|upkeep
|turn|12
|
|t:|1683839484
|move|p2a: Vanilluxe|Flash Cannon|p1a: Clefable
|-supereffective|p1a: Clefable
|-damage|p1a: Clefable|102/290
|move|p1a: Clefable|Calm Mind|p1a: Clefable
|-boost|p1a: Clefable|spa|1
|-boost|p1a: Clefable|spd|1
|
|-weather|Hail|[upkeep]
|upkeep
|turn|13
|
|t:|1683839487
|move|p2a: Vanilluxe|Blizzard|p1a: Clefable
|-damage|p1a: Clefable|42/290
|move|p1a: Clefable|Soft-Boiled|p1a: Clefable
|-heal|p1a: Clefable|187/290
|
|-weather|none
|upkeep
|turn|14
|
|t:|1683839493
|move|p2a: Vanilluxe|Flash Cannon|p1a: Clefable
|-supereffective|p1a: Clefable
|-damage|p1a: Clefable|123/290
|move|p1a: Clefable|Calm Mind|p1a: Clefable
|-boost|p1a: Clefable|spa|1
|-boost|p1a: Clefable|spd|1
|
|upkeep
|turn|15
|
|t:|1683839496
|switch|p2a: Talonflame|Talonflame, L81, M|59/259
|move|p1a: Clefable|Soft-Boiled|p1a: Clefable
|-heal|p1a: Clefable|268/290
|
|upkeep
|turn|16
|
|t:|1683839508
|move|p2a: Talonflame|Flare Blitz|p1a: Clefable
|-damage|p1a: Clefable|154/290
|-damage|p2a: Talonflame|21/259|[from] Recoil
|move|p1a: Clefable|Moonblast|p2a: Talonflame
|-resisted|p2a: Talonflame
|-damage|p2a: Talonflame|0 fnt
|faint|p2a: Talonflame
|
|upkeep
|
|t:|1683839522
|switch|p2a: Gardevoir|Gardevoir, L82, F|246/246
|-ability|p2a: Gardevoir|Magic Guard|[from] ability: Trace|[of] p1a: Clefable
|turn|17
|
|t:|1683839536
|move|p2a: Gardevoir|Calm Mind|p2a: Gardevoir
|-boost|p2a: Gardevoir|spa|1
|-boost|p2a: Gardevoir|spd|1
|move|p1a: Clefable|Calm Mind|p1a: Clefable
|-boost|p1a: Clefable|spa|1
|-boost|p1a: Clefable|spd|1
|
|-sideend|p2: lauda Mera|move: Aurora Veil
|upkeep
|turn|18
|
|t:|1683839541
|move|p2a: Gardevoir|Psyshock|p1a: Clefable
|-damage|p1a: Clefable|0 fnt
|faint|p1a: Clefable
|
|upkeep
|
|t:|1683839546
|switch|p1a: Araquanid|Araquanid, L80, F|240/240
|turn|19
|
|t:|1683839548
|move|p2a: Gardevoir|Psyshock|p1a: Araquanid
|-damage|p1a: Araquanid|92/240
|move|p1a: Araquanid|Sticky Web|p2a: Gardevoir
|-sidestart|p2: lauda Mera|move: Sticky Web
|
|upkeep
|turn|20
|
|t:|1683839551
|move|p2a: Gardevoir|Psyshock|p1a: Araquanid
|-damage|p1a: Araquanid|0 fnt
|faint|p1a: Araquanid
|
|upkeep
|
|t:|1683839554
|switch|p1a: Mamoswine|Mamoswine, L80, M|103/307
|turn|21
|
|t:|1683839558
|move|p2a: Gardevoir|Moonblast|p1a: Mamoswine
|-crit|p1a: Mamoswine
|-damage|p1a: Mamoswine|0 fnt
|faint|p1a: Mamoswine
|
|upkeep
|
|t:|1683839562
|switch|p1a: Salamence|Salamence, L76, F|269/269
|turn|22
|
|t:|1683839564
|move|p1a: Salamence|Dragon Dance|p1a: Salamence
|-boost|p1a: Salamence|atk|1
|-boost|p1a: Salamence|spe|1
|move|p2a: Gardevoir|Moonblast|p1a: Salamence
|-supereffective|p1a: Salamence
|-damage|p1a: Salamence|0 fnt
|faint|p1a: Salamence
|
|win|lauda Mera
|raw|MKsorkt's rating: 1208 &rarr; <strong>1200</strong><br />(-8 for losing)
|raw|lauda Mera's rating: 1501 &rarr; <strong>1507</strong><br />(+6 for winning)
|l|☆MKsorkt
