{"id": "gen8randombattle-1871874734", "p1": "flyingworkshop", "p2": "UnaCasper", "format": "[Gen 8] Random Battle", "log": "|j|\u2606flyingworkshop\n|j|\u2606UnaCasper\n|t:|1685140790\n|gametype|singles\n|player|p1|flyingworkshop|169|1000\n|player|p2|UnaCasper|giovanni|1040\n|teamsize|p1|6\n|teamsize|p2|6\n|gen|8\n|tier|[Gen 8] Random Battle\n|rated|\n|rule|Species Clause: Limit one of each Pok\u00e9mon\n|rule|HP Percentage Mod: HP is shown in percentages\n|rule|Sleep Clause Mod: Limit one foe put to sleep\n|\n|t:|1685140790\n|start\n|switch|p1a: Incineroar|Incineroar, L80, F|283/283\n|switch|p2a: Falinks|Falinks, L84|246/246\n|-ability|p1a: Incineroar|Intimidate|boost\n|-unboost|p2a: Falinks|atk|1\n|-ability|p2a: Falinks|Defiant|boost\n|-boost|p2a: Falinks|atk|2\n|turn|1\n|inactive|Battle timer is ON: inactive players will automatically lose when time's up. (requested by UnaCasper)\n|\n|t:|1685140815\n|move|p1a: Incineroar|U-turn|p2a: Falinks\n|-resisted|p2a: Falinks\n|-damage|p2a: Falinks|222/246\n|\n|t:|1685140822\n|switch|p1a: Exeggutor|Exeggutor, L86, F|304/304|[from] U-turn\n|move|p2a: Falinks|No Retreat|p2a: Falinks\n|-boost|p2a: Falinks|atk|1\n|-boost|p2a: Falinks|def|1\n|-boost|p2a: Falinks|spa|1\n|-boost|p2a: Falinks|spd|1\n|-boost|p2a: Falinks|spe|1\n|-start|p2a: Falinks|move: No Retreat\n|\n|upkeep\n|turn|2\n|\n|t:|1685140834\n|-start|p2a: Falinks|Dynamax|\n|-heal|p2a: Falinks|444/492|[silent]\n|move|p2a: Falinks|Max Ooze|p1a: Exeggutor\n|-supereffective|p1a: Exeggutor\n|-damage|p1a: Exeggutor|0 fnt\n|-boost|p2a: Falinks|spa|1\n|faint|p1a: Exeggutor\n|-damage|p2a: Falinks|420/492|[from] item: Life Orb\n|\n|upkeep\n|\n|t:|1685140853\n|switch|p1a: Dugtrio|Dugtrio-Alola, L82, F|192/192\n|turn|3\n|\n|t:|1685140859\n|move|p2a: Falinks|Max Knuckle|p1a: Dugtrio\n|-supereffective|p1a: Dugtrio\n|-damage|p1a: Dugtrio|0 fnt\n|-boost|p2a: Falinks|atk|1\n|faint|p1a: Dugtrio\n|-damage|p2a: Falinks|396/492|[from] item: Life Orb\n|\n|upkeep\n|\n|t:|1685140868\n|switch|p1a: Tentacruel|Tentacruel, L84, F|272/272\n|turn|4\n|\n|t:|1685140876\n|move|p2a: Falinks|Max Darkness|p1a: Tentacruel\n|-damage|p1a: Tentacruel|0 fnt\n|faint|p1a: Tentacruel\n|-damage|p2a: Falinks|372/492|[from] item: Life Orb\n|\n|upkeep\n|\n|t:|1685140883\n|switch|p1a: Incineroar|Incineroar, L80, F|283/283\n|-ability|p1a: Incineroar|Intimidate|boost\n|-unboost|p2a: Falinks|atk|1\n|-ability|p2a: Falinks|Defiant|boost\n|-boost|p2a: Falinks|atk|2\n|-end|p2a: Falinks|Dynamax\n|-heal|p2a: Falinks|186/246|[silent]\n|turn|5\n|c|\u2606UnaCasper|lol\n|\n|t:|1685140896\n|move|p2a: Falinks|Close Combat|p1a: Incineroar\n|-supereffective|p1a: Incineroar\n|-damage|p1a: Incineroar|0 fnt\n|-unboost|p2a: Falinks|def|1\n|-unboost|p2a: Falinks|spd|1\n|faint|p1a: Incineroar\n|-damage|p2a: Falinks|162/246|[from] item: Life Orb\n|\n|upkeep\n|\n|t:|1685140898\n|switch|p1a: Hitmontop|Hitmontop, L85, M|224/224\n|-ability|p1a: Hitmontop|Intimidate|boost\n|-unboost|p2a: Falinks|atk|1\n|-ability|p2a: Falinks|Defiant|boost\n|-boost|p2a: Falinks|atk|2\n|turn|6\n|\n|t:|1685140911\n|move|p1a: Hitmontop|Sucker Punch|p2a: Falinks\n|-resisted|p2a: Falinks\n|-damage|p2a: Falinks|139/246\n|move|p2a: Falinks|Poison Jab|p1a: Hitmontop\n|-damage|p1a: Hitmontop|0 fnt\n|faint|p1a: Hitmontop\n|-damage|p2a: Falinks|115/246|[from] item: Life Orb\n|\n|upkeep\n|\n|t:|1685140918\n|switch|p1a: Keldeo|Keldeo-Resolute, L79|273/273\n|turn|7\n|\n|t:|1685140933\n|-start|p1a: Keldeo|Dynamax|\n|-heal|p1a: Keldeo|546/546|[silent]\n|move|p2a: Falinks|No Retreat||[still]\n|-fail|p2a: Falinks\n|move|p1a: Keldeo|Max Knuckle|p2a: Falinks\n|-damage|p2a: Falinks|0 fnt\n|-boost|p1a: Keldeo|atk|1\n|faint|p2a: Falinks\n|\n|upkeep\n|\n|t:|1685140950\n|switch|p2a: Necrozma|Necrozma-Dusk-Mane, L67|241/241\n|turn|8\n|\n|t:|1685140970\n|move|p1a: Keldeo|Max Airstream|p2a: Necrozma\n|-resisted|p2a: Necrozma\n|-damage|p2a: Necrozma|192/241\n|-boost|p1a: Keldeo|spe|1\n|move|p2a: Necrozma|Dragon Dance|p2a: Necrozma\n|-boost|p2a: Necrozma|atk|1\n|-boost|p2a: Necrozma|spe|1\n|\n|upkeep\n|turn|9\n|\n|t:|1685140979\n|move|p1a: Keldeo|Max Knuckle|p2a: Necrozma\n|-damage|p2a: Necrozma|74/241\n|-boost|p1a: Keldeo|atk|1\n|move|p2a: Necrozma|Dragon Dance|p2a: Necrozma\n|-boost|p2a: Necrozma|atk|1\n|-boost|p2a: Necrozma|spe|1\n|\n|upkeep\n|-end|p1a: Keldeo|Dynamax\n|-heal|p1a: Keldeo|273/273|[silent]\n|turn|10\n|\n|t:|1685140992\n|move|p1a: Keldeo|Secret Sword|p2a: Necrozma\n|-damage|p2a: Necrozma|0 fnt\n|faint|p2a: Necrozma\n|\n|upkeep\n|\n|t:|1685140999\n|switch|p2a: Marshadow|Marshadow, L70|242/242\n|turn|11\n|\n|t:|1685141013\n|move|p1a: Keldeo|Secret Sword|p2a: Marshadow\n|-immune|p2a: Marshadow\n|move|p2a: Marshadow|Bulk Up|p2a: Marshadow\n|-boost|p2a: Marshadow|atk|1\n|-boost|p2a: Marshadow|def|1\n|\n|upkeep\n|turn|12\n|\n|t:|1685141021\n|move|p1a: Keldeo|Secret Sword|p2a: Marshadow\n|-immune|p2a: Marshadow\n|move|p2a: Marshadow|Bulk Up|p2a: Marshadow\n|-boost|p2a: Marshadow|atk|1\n|-boost|p2a: Marshadow|def|1\n|\n|upkeep\n|turn|13\n|\n|t:|1685141029\n|move|p1a: Keldeo|Secret Sword|p2a: Marshadow\n|-immune|p2a: Marshadow\n|move|p2a: Marshadow|Spectral Thief||[still]\n|-clearpositiveboost|p1a: Keldeo|p2a: Marshadow|move: Spectral Thief\n|-boost|p2a: Marshadow|atk|2\n|-boost|p2a: Marshadow|spe|1\n|-anim|p2a: Marshadow|Spectral Thief|p1a: Keldeo\n|-damage|p1a: Keldeo|0 fnt\n|faint|p1a: Keldeo\n|-damage|p2a: Marshadow|218/242|[from] item: Life Orb\n|\n|win|UnaCasper\n|raw|flyingworkshop's rating: 1000 &rarr; <strong>1000</strong><br />(+0 for losing)\n|raw|UnaCasper's rating: 1040 &rarr; <strong>1070</strong><br />(+30 for winning)\n|c|\u2606UnaCasper|gg\n|c|\u2606flyingworkshop|gg\n", "inputlog": ">version 61c68e60481ef09071210320730fc448fef50368\n>start {\"formatid\":\"gen8randombattle\",\"seed\":[51639,12953,42353,26106],\"rated\":\"Rated battle\"}\n>player p1 {\"name\":\"flyingworkshop\",\"avatar\":\"169\",\"rating\":1000,\"seed\":[46519,37162,23528,25437]}\n>player p2 {\"name\":\"UnaCasper\",\"avatar\":\"giovanni\",\"rating\":1040,\"seed\":[56460,19950,35300,63213]}\n>p1 move uturn\n>p2 move noretreat\n>p1 switch 5\n>p1 move sleeppowder\n>p2 move poisonjab dynamax\n>p1 switch 3\n>p1 move earthquake\n>p2 move closecombat dynamax\n>p1 switch 4\n>p1 move haze\n>p2 move throatchop dynamax\n>p1 switch 5\n>chat \u2606UnaCasper|lol\n>p1 move knockoff\n>p2 move closecombat\n>p1 switch 2\n>p1 move suckerpunch\n>p2 move poisonjab\n>p1 switch 6\n>p1 move secretsword dynamax\n>p2 move noretreat\n>p2 switch 2\n>p1 move airslash dynamax\n>p2 move dragondance\n>p1 move secretsword dynamax\n>p2 move dragondance\n>p1 move secretsword\n>p2 move morningsun\n>p2 switch 3\n>p1 move secretsword\n>p2 move bulkup\n>p1 move secretsword\n>p2 move bulkup\n>p1 move secretsword\n>p2 move spectralthief", "uploadtime": 1685141046, "views": 2, "p1id": "flyingworkshop", "p2id": "unacasper", "formatid": "gen8randombattle", "rating": 1000, "private": 0, "password": ""}