{"id": "gen8randombattle-1872564079", "p1": "skullitombstone", "p2": "ITACHI37", "format": "[Gen 8] Random Battle", "log": "|j|\u2606skullitombstone\n|j|\u2606ITACHI37\n|t:|1685244467\n|gametype|singles\n|player|p1|skullitombstone|schoolkid|1443\n|player|p2|ITACHI37|red|1502\n|teamsize|p1|6\n|teamsize|p2|6\n|gen|8\n|tier|[Gen 8] Random Battle\n|rated|\n|rule|Species Clause: Limit one of each Pok\u00e9mon\n|rule|HP Percentage Mod: HP is shown in percentages\n|rule|Sleep Clause Mod: Limit one foe put to sleep\n|\n|t:|1685244467\n|start\n|switch|p1a: Slurpuff|Slurpuff, L80, M|262/262\n|switch|p2a: Mandibuzz|Mandibuzz, L82, F|315/315\n|turn|1\n|j| dangarnudle\n|inactive|Battle timer is ON: inactive players will automatically lose when time's up. (requested by ITACHI37)\n|c|\u2606skullitombstone|hi dangar\n|\n|t:|1685244501\n|switch|p1a: Zacian|Zacian-Crowned, L62|218/218\n|-ability|p1a: Zacian|Intrepid Sword|boost\n|-boost|p1a: Zacian|atk|1\n|move|p2a: Mandibuzz|Toxic|p1a: Zacian|[miss]\n|-miss|p2a: Mandibuzz|p1a: Zacian\n|\n|upkeep\n|turn|2\n|inactive|ITACHI37 has 120 seconds left.\n|inactive|ITACHI37 has 90 seconds left.\n|\n|t:|1685244567\n|switch|p1a: Golisopod|Golisopod, L84, F|263/263\n|switch|p2a: Tapu Fini|Tapu Fini, L78|237/237\n|-fieldstart|move: Misty Terrain|[from] ability: Misty Surge|[of] p2a: Tapu Fini\n|\n|upkeep\n|turn|3\n|inactive|ITACHI37 has 90 seconds left.\n|\n|t:|1685244578\n|switch|p1a: Lurantis|Lurantis, L86, F|261/261\n|move|p2a: Tapu Fini|Taunt|p1a: Lurantis\n|-start|p1a: Lurantis|move: Taunt\n|\n|upkeep\n|turn|4\n|inactive|ITACHI37 has 90 seconds left.\n|\n|t:|1685244600\n|move|p2a: Tapu Fini|Calm Mind|p2a: Tapu Fini\n|-boost|p2a: Tapu Fini|spa|1\n|-boost|p2a: Tapu Fini|spd|1\n|move|p1a: Lurantis|Superpower|p2a: Tapu Fini\n|-resisted|p2a: Tapu Fini\n|-damage|p2a: Tapu Fini|188/237\n|-boost|p1a: Lurantis|atk|1\n|-boost|p1a: Lurantis|def|1\n|-damage|p1a: Lurantis|235/261|[from] item: Life Orb\n|\n|-heal|p2a: Tapu Fini|202/237|[from] item: Leftovers\n|upkeep\n|turn|5\n|\n|t:|1685244612\n|move|p2a: Tapu Fini|Moonblast|p1a: Lurantis\n|-damage|p1a: Lurantis|118/261\n|move|p1a: Lurantis|Leaf Storm|p2a: Tapu Fini\n|-supereffective|p2a: Tapu Fini\n|-damage|p2a: Tapu Fini|15/237\n|-boost|p1a: Lurantis|spa|2\n|-damage|p1a: Lurantis|92/261|[from] item: Life Orb\n|\n|-heal|p2a: Tapu Fini|29/237|[from] item: Leftovers\n|-end|p1a: Lurantis|move: Taunt\n|upkeep\n|turn|6\n|\n|t:|1685244625\n|move|p2a: Tapu Fini|Moonblast|p1a: Lurantis\n|-damage|p1a: Lurantis|0 fnt\n|faint|p1a: Lurantis\n|\n|-heal|p2a: Tapu Fini|43/237|[from] item: Leftovers\n|-fieldend|Misty Terrain\n|upkeep\n|inactive|skullitombstone has 120 seconds left.\n|\n|t:|1685244658\n|switch|p1a: Golisopod|Golisopod, L84, F|263/263\n|turn|7\n|inactive|ITACHI37 has 90 seconds left.\n|\n|t:|1685244668\n|move|p1a: Golisopod|First Impression|p2a: Tapu Fini\n|-resisted|p2a: Tapu Fini\n|-damage|p2a: Tapu Fini|0 fnt\n|faint|p2a: Tapu Fini\n|\n|upkeep\n|\n|t:|1685244688\n|switch|p2a: Clefable|Clefable, L82, F|290/290\n|turn|8\n|\n|t:|1685244700\n|move|p2a: Clefable|Calm Mind|p2a: Clefable\n|-boost|p2a: Clefable|spa|1\n|-boost|p2a: Clefable|spd|1\n|move|p1a: Golisopod|Liquidation|p2a: Clefable\n|-crit|p2a: Clefable\n|-damage|p2a: Clefable|106/290\n|\n|upkeep\n|turn|9\n|inactive|ITACHI37 has 90 seconds left.\n|\n|t:|1685244714\n|move|p2a: Clefable|Moonblast|p1a: Golisopod\n|-damage|p1a: Golisopod|78/263\n|-activate|p1a: Golisopod|ability: Emergency Exit\n|\n|t:|1685244719\n|switch|p1a: Zacian|Zacian-Crowned, L62|218/218\n|-ability|p1a: Zacian|Intrepid Sword|boost\n|-boost|p1a: Zacian|atk|1\n|\n|upkeep\n|turn|10\n|inactive|ITACHI37 has 90 seconds left.\n|\n|t:|1685244735\n|move|p1a: Zacian|Play Rough|p2a: Clefable\n|-damage|p2a: Clefable|0 fnt\n|faint|p2a: Clefable\n|\n|upkeep\n|\n|t:|1685244743\n|switch|p2a: Clawitzer|Clawitzer, L84, F|256/256\n|turn|11\n|inactive|ITACHI37 has 90 seconds left.\n|\n|t:|1685244753\n|switch|p1a: Frosmoth|Frosmoth, L82, M|249/249\n|move|p2a: Clawitzer|Water Pulse|p1a: Frosmoth\n|-damage|p1a: Frosmoth|157/249\n|\n|upkeep\n|turn|12\n|inactive|ITACHI37 has 90 seconds left.\n|\n|t:|1685244771\n|switch|p2a: Mandibuzz|Mandibuzz, L82, F|315/315\n|move|p1a: Frosmoth|Quiver Dance|p1a: Frosmoth\n|-boost|p1a: Frosmoth|spa|1\n|-boost|p1a: Frosmoth|spd|1\n|-boost|p1a: Frosmoth|spe|1\n|\n|upkeep\n|turn|13\n|inactive|ITACHI37 has 90 seconds left.\n|\n|t:|1685244779\n|move|p1a: Frosmoth|Ice Beam|p2a: Mandibuzz\n|-supereffective|p2a: Mandibuzz\n|-damage|p2a: Mandibuzz|13/315\n|move|p2a: Mandibuzz|Toxic|p1a: Frosmoth\n|-status|p1a: Frosmoth|tox\n|\n|-damage|p1a: Frosmoth|142/249 tox|[from] psn\n|upkeep\n|turn|14\n|inactive|ITACHI37 has 90 seconds left.\n|\n|t:|1685244790\n|move|p1a: Frosmoth|Bug Buzz|p2a: Mandibuzz\n|-damage|p2a: Mandibuzz|0 fnt\n|faint|p2a: Mandibuzz\n|\n|-damage|p1a: Frosmoth|112/249 tox|[from] psn\n|upkeep\n|inactive|ITACHI37 has 90 seconds left.\n|\n|t:|1685244798\n|switch|p2a: Frosmoth|Frosmoth, L82, M|249/249\n|turn|15\n|\n|t:|1685244802\n|switch|p1a: Zacian|Zacian-Crowned, L62|218/218\n|-ability|p1a: Zacian|Intrepid Sword|boost\n|-boost|p1a: Zacian|atk|1\n|move|p2a: Frosmoth|Quiver Dance|p2a: Frosmoth\n|-boost|p2a: Frosmoth|spa|1\n|-boost|p2a: Frosmoth|spd|1\n|-boost|p2a: Frosmoth|spe|1\n|\n|upkeep\n|turn|16\n|\n|t:|1685244811\n|switch|p2a: Clawitzer|Clawitzer, L84, F|256/256\n|move|p1a: Zacian|Behemoth Blade|p2a: Clawitzer\n|-resisted|p2a: Clawitzer\n|-damage|p2a: Clawitzer|188/256\n|\n|upkeep\n|turn|17\n|\n|t:|1685244820\n|switch|p1a: Golisopod|Golisopod, L84, F|78/263\n|move|p2a: Clawitzer|Water Pulse|p1a: Golisopod\n|-resisted|p1a: Golisopod\n|-damage|p1a: Golisopod|0 fnt\n|faint|p1a: Golisopod\n|\n|upkeep\n|\n|t:|1685244824\n|switch|p1a: Noctowl|Noctowl, L88, F|319/319\n|turn|18\n|inactive|ITACHI37 has 120 seconds left.\n|\n|t:|1685244830\n|move|p1a: Noctowl|Nasty Plot|p1a: Noctowl\n|-boost|p1a: Noctowl|spa|2\n|move|p2a: Clawitzer|Water Pulse|p1a: Noctowl\n|-crit|p1a: Noctowl\n|-damage|p1a: Noctowl|96/319\n|\n|upkeep\n|turn|19\n|\n|t:|1685244837\n|-start|p1a: Noctowl|Dynamax|\n|-heal|p1a: Noctowl|192/638|[silent]\n|move|p1a: Noctowl|Max Airstream|p2a: Clawitzer\n|-damage|p2a: Clawitzer|0 fnt\n|-boost|p1a: Noctowl|spe|1\n|faint|p2a: Clawitzer\n|\n|upkeep\n|inactive|ITACHI37 has 120 seconds left.\n|-message|ITACHI37 forfeited.\n|\n|win|skullitombstone\n|raw|skullitombstone's rating: 1443 &rarr; <strong>1466</strong><br />(+23 for winning)\n|raw|ITACHI37's rating: 1502 &rarr; <strong>1479</strong><br />(-23 for losing)\n|l|\u2606ITACHI37\n|c|\u2606skullitombstone|ggwp\n|c|\u2606skullitombstone|ya see dangar\n|c|\u2606skullitombstone|my opp knew not to be a prick and chose to click x immediately\n|c|\u2606skullitombstone|instead of stopping the timer\n|l|\u2606skullitombstone\n|j|\u2606skullitombstone\n|player|p1|skullitombstone|schoolkid\n", "inputlog": ">version d74822bbc74c095aa312053f7034baee3068d99e\n>start {\"formatid\":\"gen8randombattle\",\"seed\":[6048,43185,63381,45045],\"rated\":\"Rated battle\"}\n>player p1 {\"name\":\"skullitombstone\",\"avatar\":\"schoolkid\",\"rating\":1443,\"seed\":[8755,44085,65362,42664]}\n>player p2 {\"name\":\"ITACHI37\",\"avatar\":\"red\",\"rating\":1502,\"seed\":[34190,4240,40570,63744]}\n>chat \u2606skullitombstone|hi dangar\n>p1 switch 6\n>p2 move toxic\n>chat  dangarnudle|Stfu\n>chat  dangarnudle|Loser\n>p1 switch 3\n>p2 switch 2\n>p1 switch 5\n>p2 move taunt\n>p1 move superpower\n>p2 move calmmind\n>p1 move leafstorm\n>p2 move moonblast\n>p1 move knockoff\n>p2 move moonblast\n>chat  dangarnudle|L\n>chat  dangarnudle|You're so bad lol\n>p1 switch 5\n>p1 move firstimpression\n>p2 move taunt\n>p2 switch 4\n>p1 move liquidation\n>p2 move calmmind\n>p1 move liquidation\n>p2 move moonblast\n>p1 switch 3\n>p1 move playrough\n>p2 move fireblast\n>p2 switch 5\n>p1 switch 2\n>p2 move waterpulse\n>p1 move quiverdance\n>p2 switch 2\n>p1 move icebeam\n>p2 move toxic\n>p1 move bugbuzz\n>p2 move bravebird\n>p2 switch 3\n>p1 switch 2\n>p2 move quiverdance\n>p1 move behemothblade\n>p2 switch 2\n>p1 switch 3\n>p2 move waterpulse\n>p1 switch 4\n>p1 move nastyplot\n>p2 move waterpulse\n>p1 move hurricane dynamax\n>p2 move waterpulse\n>forcelose p2", "uploadtime": 1685245053, "views": 2, "p1id": "skullitombstone", "p2id": "itachi37", "formatid": "gen8randombattle", "rating": 1466, "private": 0, "password": ""}