{"id": "gen8randombattle-1873661869", "p1": "woopre", "p2": "relevartemit", "format": "[Gen 8] Random Battle", "log": "|j|\u2606woopre\n|j|\u2606relevartemit\n|t:|1685402788\n|gametype|singles\n|player|p1|woopre|cynthia-anime2|\n|player|p2|relevartemit|scientist-gen4|\n|teamsize|p1|6\n|teamsize|p2|6\n|gen|8\n|tier|[Gen 8] Random Battle\n|rule|Species Clause: Limit one of each Pok\u00e9mon\n|rule|HP Percentage Mod: HP is shown in percentages\n|rule|Sleep Clause Mod: Limit one foe put to sleep\n|\n|t:|1685402788\n|start\n|switch|p1a: Eiscue|Eiscue, L82, F|256/256\n|switch|p2a: Palossand|Palossand, L86, M|286/286\n|turn|1\n|\n|t:|1685402833\n|move|p1a: Eiscue|Substitute|p1a: Eiscue\n|-start|p1a: Eiscue|Substitute\n|-damage|p1a: Eiscue|192/256\n|move|p2a: Palossand|Shadow Ball|p1a: Eiscue\n|-end|p1a: Eiscue|Substitute\n|\n|upkeep\n|turn|2\n|\n|t:|1685402848\n|move|p1a: Eiscue|Icicle Crash|p2a: Palossand\n|-supereffective|p2a: Palossand\n|-damage|p2a: Palossand|172/286\n|move|p2a: Palossand|Shadow Ball|p1a: Eiscue\n|-damage|p1a: Eiscue|108/256\n|\n|-heal|p2a: Palossand|189/286|[from] item: Leftovers\n|upkeep\n|turn|3\n|\n|t:|1685402857\n|move|p1a: Eiscue|Icicle Crash|p2a: Palossand|[miss]\n|-miss|p1a: Eiscue|p2a: Palossand\n|move|p2a: Palossand|Shore Up|p2a: Palossand\n|-heal|p2a: Palossand|286/286\n|\n|upkeep\n|turn|4\n|\n|t:|1685402861\n|move|p1a: Eiscue|Icicle Crash|p2a: Palossand\n|-supereffective|p2a: Palossand\n|-damage|p2a: Palossand|166/286\n|move|p2a: Palossand|Stealth Rock|p1a: Eiscue\n|-sidestart|p1: woopre|move: Stealth Rock\n|\n|-heal|p2a: Palossand|183/286|[from] item: Leftovers\n|upkeep\n|turn|5\n|\n|t:|1685402864\n|move|p1a: Eiscue|Icicle Crash|p2a: Palossand\n|-supereffective|p2a: Palossand\n|-damage|p2a: Palossand|51/286\n|move|p2a: Palossand|Shore Up|p2a: Palossand\n|-heal|p2a: Palossand|194/286\n|\n|-heal|p2a: Palossand|211/286|[from] item: Leftovers\n|upkeep\n|turn|6\n|\n|t:|1685402872\n|move|p1a: Eiscue|Icicle Crash|p2a: Palossand|[miss]\n|-miss|p1a: Eiscue|p2a: Palossand\n|move|p2a: Palossand|Shore Up|p2a: Palossand\n|-heal|p2a: Palossand|286/286\n|\n|upkeep\n|turn|7\n|\n|t:|1685402874\n|move|p1a: Eiscue|Icicle Crash|p2a: Palossand\n|-supereffective|p2a: Palossand\n|-damage|p2a: Palossand|166/286\n|cant|p2a: Palossand|flinch\n|\n|-heal|p2a: Palossand|183/286|[from] item: Leftovers\n|upkeep\n|turn|8\n|\n|t:|1685402877\n|move|p1a: Eiscue|Icicle Crash|p2a: Palossand\n|-supereffective|p2a: Palossand\n|-damage|p2a: Palossand|51/286\n|cant|p2a: Palossand|flinch\n|\n|-heal|p2a: Palossand|68/286|[from] item: Leftovers\n|upkeep\n|turn|9\n|c|\u2606woopre|lmao\n|\n|t:|1685402884\n|move|p1a: Eiscue|Liquidation|p2a: Palossand\n|-supereffective|p2a: Palossand\n|-damage|p2a: Palossand|0 fnt\n|faint|p2a: Palossand\n|\n|upkeep\n|j| Mandibuladel5555\n|\n|t:|1685402910\n|switch|p2a: Meowstic|Meowstic-F, L86, F|268/268\n|turn|10\n|\n|t:|1685402935\n|move|p2a: Meowstic|Psychic|p1a: Eiscue\n|-damage|p1a: Eiscue|0 fnt\n|faint|p1a: Eiscue\n|-damage|p2a: Meowstic|242/268|[from] item: Life Orb\n|\n|upkeep\n|\n|t:|1685402939\n|switch|p1a: Giratina|Giratina-Origin, L74|344/344\n|-damage|p1a: Giratina|301/344|[from] Stealth Rock\n|turn|11\n|\n|t:|1685402977\n|switch|p2a: Aurorus|Aurorus, L84, M|343/343\n|-weather|Hail|[from] ability: Snow Warning|[of] p2a: Aurorus\n|move|p1a: Giratina|Poltergeist|p2a: Aurorus\n|-activate|p2a: Aurorus|move: Poltergeist|Choice Specs\n|-damage|p2a: Aurorus|192/343\n|\n|-weather|Hail|[upkeep]\n|-damage|p1a: Giratina|280/344|[from] Hail\n|upkeep\n|turn|12\n|\n|t:|1685402991\n|switch|p1a: Heatran|Heatran, L78, M|270/270\n|-damage|p1a: Heatran|237/270|[from] Stealth Rock\n|-item|p1a: Heatran|Air Balloon\n|move|p2a: Aurorus|Blizzard|p1a: Heatran\n|-resisted|p1a: Heatran\n|-damage|p1a: Heatran|198/270\n|-enditem|p1a: Heatran|Air Balloon\n|\n|-weather|Hail|[upkeep]\n|-damage|p1a: Heatran|182/270|[from] Hail\n|upkeep\n|turn|13\n|\n|t:|1685403000\n|switch|p2a: Hitmontop|Hitmontop, L85, M|224/224\n|move|p1a: Heatran|Stealth Rock|p2a: Hitmontop\n|-sidestart|p2: relevartemit|move: Stealth Rock\n|\n|-weather|Hail|[upkeep]\n|-damage|p2a: Hitmontop|210/224|[from] Hail\n|-damage|p1a: Heatran|166/270|[from] Hail\n|upkeep\n|turn|14\n|\n|t:|1685403009\n|switch|p1a: Ribombee|Ribombee, L82, M|233/233\n|move|p2a: Hitmontop|Earthquake|p1a: Ribombee\n|-resisted|p1a: Ribombee\n|-damage|p1a: Ribombee|169/233\n|-damage|p2a: Hitmontop|188/224|[from] item: Life Orb\n|\n|-weather|Hail|[upkeep]\n|-damage|p1a: Ribombee|155/233|[from] Hail\n|-damage|p2a: Hitmontop|174/224|[from] Hail\n|upkeep\n|turn|15\n|\n|t:|1685403021\n|switch|p2a: Copperajah|Copperajah, L84, M|342/342\n|-damage|p2a: Copperajah|321/342|[from] Stealth Rock\n|move|p1a: Ribombee|Sticky Web|p2a: Copperajah\n|-sidestart|p2: relevartemit|move: Sticky Web\n|\n|-weather|none\n|upkeep\n|turn|16\n|\n|t:|1685403034\n|switch|p1a: Centiskorch|Centiskorch, L84, F|305/305\n|move|p2a: Copperajah|Stone Edge|p1a: Centiskorch\n|-supereffective|p1a: Centiskorch\n|-crit|p1a: Centiskorch\n|-damage|p1a: Centiskorch|0 fnt\n|faint|p1a: Centiskorch\n|\n|upkeep\n|\n|t:|1685403040\n|switch|p1a: Gallade|Gallade, L82, M|246/246\n|-damage|p1a: Gallade|231/246|[from] Stealth Rock\n|turn|17\n|\n|t:|1685403075\n|switch|p2a: Aurorus|Aurorus, L84, M|192/343\n|-damage|p2a: Aurorus|107/343|[from] Stealth Rock\n|-activate|p2a: Aurorus|move: Sticky Web\n|-unboost|p2a: Aurorus|spe|1\n|-weather|Hail|[from] ability: Snow Warning|[of] p2a: Aurorus\n|-start|p1a: Gallade|Dynamax|\n|-heal|p1a: Gallade|462/492|[silent]\n|move|p1a: Gallade|Max Knuckle|p2a: Aurorus\n|-supereffective|p2a: Aurorus\n|-damage|p2a: Aurorus|0 fnt\n|-boost|p1a: Gallade|atk|1\n|faint|p2a: Aurorus\n|\n|-weather|Hail|[upkeep]\n|-damage|p1a: Gallade|447/492|[from] Hail\n|upkeep\n|\n|t:|1685403100\n|switch|p2a: Haxorus|Haxorus, L77, M|244/244\n|-damage|p2a: Haxorus|214/244|[from] Stealth Rock\n|-activate|p2a: Haxorus|move: Sticky Web\n|-unboost|p2a: Haxorus|spe|1\n|-ability|p2a: Haxorus|Mold Breaker\n|turn|18\n|\n|t:|1685403121\n|-start|p2a: Haxorus|Dynamax|\n|-heal|p2a: Haxorus|428/488|[silent]\n|move|p1a: Gallade|Max Knuckle|p2a: Haxorus\n|-damage|p2a: Haxorus|230/488\n|-boost|p1a: Gallade|atk|1\n|move|p2a: Haxorus|Max Wyrmwind|p1a: Gallade\n|-damage|p1a: Gallade|157/492\n|-unboost|p1a: Gallade|atk|1\n|-damage|p2a: Haxorus|206/488|[from] item: Life Orb\n|\n|-weather|Hail|[upkeep]\n|-damage|p1a: Gallade|142/492|[from] Hail\n|-damage|p2a: Haxorus|191/488|[from] Hail\n|upkeep\n|turn|19\n|\n|t:|1685403138\n|-end|p1a: Gallade|Dynamax\n|-heal|p1a: Gallade|71/246|[silent]\n|switch|p1a: Heatran|Heatran, L78, M|166/270\n|-damage|p1a: Heatran|133/270|[from] Stealth Rock\n|move|p2a: Haxorus|Max Wyrmwind|p1a: Heatran\n|-resisted|p1a: Heatran\n|-damage|p1a: Heatran|20/270\n|-unboost|p1a: Heatran|atk|1\n|-damage|p2a: Haxorus|167/488|[from] item: Life Orb\n|\n|-weather|Hail|[upkeep]\n|-damage|p1a: Heatran|4/270|[from] Hail\n|-damage|p2a: Haxorus|152/488|[from] Hail\n|upkeep\n|turn|20\n|\n|t:|1685403155\n|move|p1a: Heatran|Flash Cannon|p2a: Haxorus\n|-damage|p2a: Haxorus|32/488\n|move|p2a: Haxorus|Max Knuckle|p1a: Heatran\n|-supereffective|p1a: Heatran\n|-damage|p1a: Heatran|0 fnt\n|-boost|p2a: Haxorus|atk|1\n|faint|p1a: Heatran\n|-damage|p2a: Haxorus|8/488|[from] item: Life Orb\n|\n|-weather|Hail|[upkeep]\n|-damage|p2a: Haxorus|0 fnt|[from] Hail\n|faint|p2a: Haxorus\n|upkeep\n|\n|t:|1685403168\n|switch|p2a: Copperajah|Copperajah, L84, M|321/342\n|switch|p1a: Gallade|Gallade, L82, M|71/246\n|-damage|p1a: Gallade|56/246|[from] Stealth Rock\n|-damage|p2a: Copperajah|300/342|[from] Stealth Rock\n|-activate|p2a: Copperajah|move: Sticky Web\n|-unboost|p2a: Copperajah|spe|1\n|turn|21\n|\n|t:|1685403178\n|move|p1a: Gallade|Close Combat|p2a: Copperajah\n|-supereffective|p2a: Copperajah\n|-damage|p2a: Copperajah|0 fnt\n|-unboost|p1a: Gallade|def|1\n|-unboost|p1a: Gallade|spd|1\n|faint|p2a: Copperajah\n|\n|-weather|none\n|upkeep\n|\n|t:|1685403181\n|switch|p2a: Meowstic|Meowstic-F, L86, F|242/268\n|-damage|p2a: Meowstic|209/268|[from] Stealth Rock\n|-activate|p2a: Meowstic|move: Sticky Web\n|-unboost|p2a: Meowstic|spe|1\n|turn|22\n|\n|t:|1685403215\n|switch|p1a: Ribombee|Ribombee, L82, M|155/233\n|move|p2a: Meowstic|Psychic|p1a: Ribombee\n|-damage|p1a: Ribombee|9/233\n|-damage|p2a: Meowstic|183/268|[from] item: Life Orb\n|\n|upkeep\n|turn|23\n|\n|t:|1685403222\n|switch|p2a: Hitmontop|Hitmontop, L85, M|174/224\n|-damage|p2a: Hitmontop|160/224|[from] Stealth Rock\n|-activate|p2a: Hitmontop|move: Sticky Web\n|-unboost|p2a: Hitmontop|spe|1\n|move|p1a: Ribombee|Moonblast|p2a: Hitmontop\n|-supereffective|p2a: Hitmontop\n|-damage|p2a: Hitmontop|2/224\n|\n|upkeep\n|turn|24\n|c|\u2606woopre|i may have to go after this but only for like 30 mins\n|c|\u2606woopre|and ill be back to play\n|\n|t:|1685403238\n|move|p1a: Ribombee|Moonblast|p2a: Hitmontop\n|-supereffective|p2a: Hitmontop\n|-damage|p2a: Hitmontop|0 fnt\n|faint|p2a: Hitmontop\n|\n|upkeep\n|c|\u2606relevartemit|I really can't wait around another 30 minutes\n|\n|t:|1685403255\n|switch|p2a: Meowstic|Meowstic-F, L86, F|183/268\n|-damage|p2a: Meowstic|150/268|[from] Stealth Rock\n|-activate|p2a: Meowstic|move: Sticky Web\n|-unboost|p2a: Meowstic|spe|1\n|turn|25\n|c|\u2606woopre|hmm\n|c|\u2606woopre|k sure ill try to play\n|\n|t:|1685403263\n|move|p1a: Ribombee|Moonblast|p2a: Meowstic\n|-damage|p2a: Meowstic|51/268\n|move|p2a: Meowstic|Psychic|p1a: Ribombee\n|-damage|p1a: Ribombee|0 fnt\n|faint|p1a: Ribombee\n|-damage|p2a: Meowstic|25/268|[from] item: Life Orb\n|\n|upkeep\n|\n|t:|1685403267\n|switch|p1a: Giratina|Giratina-Origin, L74|280/344\n|-damage|p1a: Giratina|237/344|[from] Stealth Rock\n|turn|26\n|\n|t:|1685403271\n|move|p1a: Giratina|Outrage|p2a: Meowstic\n|-damage|p2a: Meowstic|0 fnt\n|faint|p2a: Meowstic\n|\n|win|woopre\n|c|\u2606relevartemit|thanks, gg\n|c|\u2606woopre|gg\n|l|\u2606relevartemit\n|l|\u2606woopre\n|j|\u2606woopre\n|player|p1|woopre|cynthia-anime2\n", "inputlog": ">version 6fec31d5a0d4498a06105aa188c9906bc0b6bf95\n>start {\"formatid\":\"gen8randombattle\",\"seed\":[2031,807,52721,39851]}\n>player p1 {\"name\":\"woopre\",\"avatar\":\"cynthia-anime2\",\"rating\":0,\"seed\":[22876,63261,51699,40312]}\n>player p2 {\"name\":\"relevartemit\",\"avatar\":\"scientist-gen4\",\"rating\":0,\"seed\":[17160,30903,64862,61690]}\n>p1 move substitute\n>p2 move shadowball\n>p1 move iciclecrash\n>p2 move shadowball\n>p1 move iciclecrash\n>p2 move shoreup\n>p1 move iciclecrash\n>p2 move stealthrock\n>p1 move iciclecrash\n>p2 move shoreup\n>p1 move iciclecrash\n>p2 move shoreup\n>p1 move iciclecrash\n>p2 move shadowball\n>p1 move iciclecrash\n>p2 move shoreup\n>chat \u2606woopre|lmao\n>p1 move liquidation\n>p2 move shoreup\n>p2 switch 4\n>p1 move iciclecrash\n>p2 move psychic\n>p1 switch 6\n>p1 move poltergeist\n>p2 switch 6\n>p1 switch 4\n>p2 move blizzard\n>p1 move stealthrock\n>p2 switch 2\n>p1 switch 5\n>p2 move earthquake\n>p1 move stickyweb\n>p2 switch 5\n>p1 switch 2\n>p2 move stoneedge\n>p1 switch 3\n>p1 move closecombat dynamax\n>p2 switch 2\n>p2 switch 3\n>p1 move closecombat dynamax\n>p2 move outrage dynamax\n>p1 switch 5\n>p2 move outrage dynamax\n>p1 move flashcannon\n>p2 move closecombat dynamax\n>p1 switch 5\n>p2 switch 2\n>p1 move closecombat\n>p2 move heavyslam\n>p2 switch 6\n>p1 switch 2\n>p2 move psychic\n>p1 move moonblast\n>p2 switch 5\n>chat \u2606woopre|i may have to go after this but only for like 30 mins\n>chat \u2606woopre|and ill be back to play \n>p1 move moonblast\n>p2 move tripleaxel\n>chat \u2606relevartemit|I really can't wait around another 30 minutes\n>p2 switch 5\n>chat \u2606woopre|hmm\n>chat \u2606woopre|k sure ill try to play\n>p1 move moonblast\n>p2 move psychic\n>p1 switch 4\n>p1 move outrage\n>p2 move psychic", "uploadtime": 1685403278, "views": 7, "p1id": "woopre", "p2id": "relevartemit", "formatid": "gen8randombattle", "rating": 0, "private": 0, "password": ""}