{"id": "gen8randombattle-1872816322", "p1": "VicsX7", "p2": "gareeb adani", "format": "[Gen 8] Random Battle", "log": "|j|\u2606VicsX7\n|j|\u2606gareeb adani\n|t:|1685288419\n|gametype|singles\n|player|p1|VicsX7|170|1408\n|player|p2|gareeb adani|169|1439\n|teamsize|p1|6\n|teamsize|p2|6\n|gen|8\n|tier|[Gen 8] Random Battle\n|rated|\n|rule|Species Clause: Limit one of each Pok\u00e9mon\n|rule|HP Percentage Mod: HP is shown in percentages\n|rule|Sleep Clause Mod: Limit one foe put to sleep\n|\n|t:|1685288419\n|start\n|switch|p1a: Stunfisk|Stunfisk, L84, M|320/320\n|switch|p2a: Togekiss|Togekiss, L80, M|267/267\n|turn|1\n|inactive|Battle timer is ON: inactive players will automatically lose when time's up. (requested by gareeb adani)\n|\n|t:|1685288430\n|switch|p2a: Basculin|Basculin, L86, M|261/261\n|move|p1a: Stunfisk|Stealth Rock|p2a: Basculin\n|-sidestart|p2: gareeb adani|move: Stealth Rock\n|\n|upkeep\n|turn|2\n|\n|t:|1685288443\n|move|p2a: Basculin|Liquidation|p1a: Stunfisk\n|-supereffective|p1a: Stunfisk\n|-damage|p1a: Stunfisk|0 fnt\n|faint|p1a: Stunfisk\n|\n|upkeep\n|\n|t:|1685288454\n|switch|p1a: Kyurem|Kyurem-Black, L73|303/303\n|-ability|p1a: Kyurem|Teravolt\n|turn|3\n|\n|t:|1685288467\n|switch|p2a: Urshifu|Urshifu, L76, M|277/277\n|-damage|p2a: Urshifu|260/277|[from] Stealth Rock\n|move|p1a: Kyurem|Dragon Dance|p1a: Kyurem\n|-boost|p1a: Kyurem|atk|1\n|-boost|p1a: Kyurem|spe|1\n|\n|-heal|p2a: Urshifu|277/277|[from] item: Leftovers\n|upkeep\n|turn|4\n|\n|t:|1685288480\n|-start|p1a: Kyurem|Dynamax|\n|-heal|p1a: Kyurem|606/606|[silent]\n|move|p1a: Kyurem|Max Wyrmwind|p2a: Urshifu\n|-damage|p2a: Urshifu|27/277\n|-unboost|p2a: Urshifu|atk|1\n|move|p2a: Urshifu|Drain Punch|p1a: Kyurem\n|-supereffective|p1a: Kyurem\n|-damage|p1a: Kyurem|490/606\n|-heal|p2a: Urshifu|85/277|[from] drain|[of] p1a: Kyurem\n|\n|-heal|p2a: Urshifu|102/277|[from] item: Leftovers\n|upkeep\n|turn|5\n|\n|t:|1685288497\n|switch|p2a: Togekiss|Togekiss, L80, M|267/267\n|move|p1a: Kyurem|Max Hailstorm|p2a: Togekiss\n|-supereffective|p2a: Togekiss\n|-damage|p2a: Togekiss|0 fnt\n|-weather|Hail\n|faint|p2a: Togekiss\n|\n|-weather|Hail|[upkeep]\n|upkeep\n|\n|t:|1685288501\n|switch|p2a: Bouffalant|Bouffalant, L84, F|297/297\n|-damage|p2a: Bouffalant|260/297|[from] Stealth Rock\n|turn|6\n|\n|t:|1685288506\n|-start|p2a: Bouffalant|Dynamax|\n|-heal|p2a: Bouffalant|520/594|[silent]\n|move|p2a: Bouffalant|Max Guard|p2a: Bouffalant\n|-singleturn|p2a: Bouffalant|Max Guard\n|move|p1a: Kyurem|Max Wyrmwind|p2a: Bouffalant\n|-activate|p2a: Bouffalant|move: Max Guard\n|\n|-weather|Hail|[upkeep]\n|-damage|p2a: Bouffalant|502/594|[from] Hail\n|-heal|p2a: Bouffalant|520/594|[from] item: Leftovers\n|upkeep\n|-end|p1a: Kyurem|Dynamax\n|-heal|p1a: Kyurem|245/303|[silent]\n|turn|7\n|\n|t:|1685288515\n|move|p1a: Kyurem|Outrage|p2a: Bouffalant\n|-damage|p2a: Bouffalant|309/594\n|move|p2a: Bouffalant|Max Knuckle|p1a: Kyurem\n|-supereffective|p1a: Kyurem\n|-damage|p1a: Kyurem|81/303\n|-boost|p2a: Bouffalant|atk|1\n|\n|-weather|Hail|[upkeep]\n|-damage|p2a: Bouffalant|291/594|[from] Hail\n|-heal|p2a: Bouffalant|309/594|[from] item: Leftovers\n|upkeep\n|turn|8\n|\n|t:|1685288518\n|move|p1a: Kyurem|Outrage|p2a: Bouffalant|[from]lockedmove\n|-damage|p2a: Bouffalant|84/594\n|move|p2a: Bouffalant|Max Knuckle|p1a: Kyurem\n|-supereffective|p1a: Kyurem\n|-damage|p1a: Kyurem|0 fnt\n|-boost|p2a: Bouffalant|atk|1\n|faint|p1a: Kyurem\n|\n|-weather|Hail|[upkeep]\n|-damage|p2a: Bouffalant|66/594|[from] Hail\n|-heal|p2a: Bouffalant|84/594|[from] item: Leftovers\n|upkeep\n|\n|t:|1685288529\n|switch|p1a: Golduck|Golduck, L86, M|278/278\n|-end|p2a: Bouffalant|Dynamax\n|-heal|p2a: Bouffalant|42/297|[silent]\n|turn|9\n|\n|t:|1685288534\n|move|p1a: Golduck|Scald|p2a: Bouffalant\n|-damage|p2a: Bouffalant|0 fnt\n|faint|p2a: Bouffalant\n|\n|-weather|none\n|upkeep\n|\n|t:|1685288536\n|switch|p2a: Bellossom|Bellossom, L82, M|257/257\n|-damage|p2a: Bellossom|225/257|[from] Stealth Rock\n|turn|10\n|\n|t:|1685288541\n|move|p1a: Golduck|Substitute|p1a: Golduck\n|-start|p1a: Golduck|Substitute\n|-damage|p1a: Golduck|209/278\n|move|p2a: Bellossom|Quiver Dance|p2a: Bellossom\n|-boost|p2a: Bellossom|spa|1\n|-boost|p2a: Bellossom|spd|1\n|-boost|p2a: Bellossom|spe|1\n|\n|-heal|p1a: Golduck|226/278|[from] item: Leftovers\n|-heal|p2a: Bellossom|241/257|[from] item: Leftovers\n|upkeep\n|turn|11\n|\n|t:|1685288556\n|move|p1a: Golduck|Calm Mind|p1a: Golduck\n|-boost|p1a: Golduck|spa|1\n|-boost|p1a: Golduck|spd|1\n|move|p2a: Bellossom|Quiver Dance|p2a: Bellossom\n|-boost|p2a: Bellossom|spa|1\n|-boost|p2a: Bellossom|spd|1\n|-boost|p2a: Bellossom|spe|1\n|\n|-heal|p2a: Bellossom|257/257|[from] item: Leftovers\n|-heal|p1a: Golduck|243/278|[from] item: Leftovers\n|upkeep\n|turn|12\n|\n|t:|1685288561\n|move|p2a: Bellossom|Quiver Dance|p2a: Bellossom\n|-boost|p2a: Bellossom|spa|1\n|-boost|p2a: Bellossom|spd|1\n|-boost|p2a: Bellossom|spe|1\n|move|p1a: Golduck|Calm Mind|p1a: Golduck\n|-boost|p1a: Golduck|spa|1\n|-boost|p1a: Golduck|spd|1\n|\n|-heal|p1a: Golduck|260/278|[from] item: Leftovers\n|upkeep\n|turn|13\n|\n|t:|1685288578\n|move|p2a: Bellossom|Giga Drain|p1a: Golduck\n|-supereffective|p1a: Golduck\n|-end|p1a: Golduck|Substitute\n|move|p1a: Golduck|Focus Blast|p2a: Bellossom\n|-damage|p2a: Bellossom|194/257\n|\n|-heal|p2a: Bellossom|210/257|[from] item: Leftovers\n|-heal|p1a: Golduck|277/278|[from] item: Leftovers\n|upkeep\n|turn|14\n|\n|t:|1685288584\n|move|p2a: Bellossom|Giga Drain|p1a: Golduck\n|-supereffective|p1a: Golduck\n|-crit|p1a: Golduck\n|-damage|p1a: Golduck|0 fnt\n|-heal|p2a: Bellossom|257/257|[from] drain|[of] p1a: Golduck\n|faint|p1a: Golduck\n|\n|upkeep\n|\n|t:|1685288594\n|switch|p1a: Urshifu|Urshifu, L76, F|277/277\n|turn|15\n|\n|t:|1685288606\n|move|p2a: Bellossom|Moonblast|p1a: Urshifu\n|-supereffective|p1a: Urshifu\n|-damage|p1a: Urshifu|0 fnt\n|faint|p1a: Urshifu\n|\n|upkeep\n|-message|VicsX7 forfeited.\n|\n|win|gareeb adani\n|raw|VicsX7's rating: 1408 &rarr; <strong>1391</strong><br />(-17 for losing)\n|raw|gareeb adani's rating: 1457 &rarr; <strong>1474</strong><br />(+17 for winning)\n|l|\u2606VicsX7\n", "inputlog": ">version d74822bbc74c095aa312053f7034baee3068d99e\n>start {\"formatid\":\"gen8randombattle\",\"seed\":[28600,49517,51039,10182],\"rated\":\"Rated battle\"}\n>player p1 {\"name\":\"VicsX7\",\"avatar\":\"170\",\"rating\":1408,\"seed\":[63334,16023,22487,23089]}\n>player p2 {\"name\":\"gareeb adani\",\"avatar\":\"169\",\"rating\":1439,\"seed\":[56427,63354,42919,22247]}\n>p1 move stealthrock\n>p2 switch 4\n>p1 move discharge\n>p2 move liquidation\n>p1 switch 4\n>p1 move dragondance\n>p2 switch 5\n>p1 move outrage dynamax\n>p2 move drainpunch\n>p1 move iciclespear dynamax\n>p2 switch 4\n>p2 switch 2\n>p1 move outrage dynamax\n>p2 move swordsdance dynamax\n>p1 move outrage\n>p2 move closecombat dynamax\n>p1 move outrage\n>p2 move closecombat dynamax\n>p1 switch 6\n>p1 move scald\n>p2 move headcharge\n>p2 switch 3\n>p1 move substitute\n>p2 move quiverdance\n>p1 move calmmind\n>p2 move quiverdance\n>p1 move calmmind\n>p2 move quiverdance\n>p1 move focusblast\n>p2 move gigadrain\n>p1 move substitute\n>p2 move gigadrain\n>p1 switch 5\n>p1 move wickedblow\n>p2 move moonblast\n>forcelose p1", "uploadtime": 1685288634, "views": 1, "p1id": "vicsx7", "p2id": "gareebadani", "formatid": "gen8randombattle", "rating": 1391, "private": 0, "password": ""}