{"id": "gen8randombattle-1866014356", "p1": "Nursey 29", "p2": "bug hunter 14", "format": "[Gen 8] Random Battle", "log": "|j|\u2606Nursey 29\n|j|\u2606bug hunter 14\n|t:|1684360685\n|gametype|singles\n|player|p1|Nursey 29|lucas|1655\n|player|p2|bug hunter 14|ballguy|1628\n|teamsize|p1|6\n|teamsize|p2|6\n|gen|8\n|tier|[Gen 8] Random Battle\n|rated|\n|rule|Species Clause: Limit one of each Pok\u00e9mon\n|rule|HP Percentage Mod: HP is shown in percentages\n|rule|Sleep Clause Mod: Limit one foe put to sleep\n|\n|t:|1684360685\n|start\n|switch|p1a: Silvally|Silvally-Bug, L84|297/297\n|switch|p2a: Blaziken|Blaziken, L76, F|247/247\n|turn|1\n|c|\u2606bug hunter 14|glhf\n|c|\u2606Nursey 29|u2 :)\n|c|\u2606bug hunter 14|ty\n|\n|t:|1684360718\n|switch|p2a: Magnezone|Magnezone, L84|255/255\n|move|p1a: Silvally|Parting Shot|p2a: Magnezone\n|-unboost|p2a: Magnezone|atk|1\n|-unboost|p2a: Magnezone|spa|1\n|inactive|Battle timer is ON: inactive players will automatically lose when time's up. (requested by bug hunter 14)\n|\n|t:|1684360757\n|switch|p1a: Darmanitan|Darmanitan, L80, F|299/299|[from] Parting Shot\n|\n|upkeep\n|turn|2\n|inactive|bug hunter 14 has 120 seconds left.\n|\n|t:|1684360790\n|move|p1a: Darmanitan|Flare Blitz|p2a: Magnezone\n|-supereffective|p2a: Magnezone\n|-damage|p2a: Magnezone|0 fnt\n|faint|p2a: Magnezone\n|-damage|p1a: Darmanitan|215/299|[from] Recoil\n|\n|upkeep\n|inactive|bug hunter 14 has 120 seconds left.\n|\n|t:|1684360818\n|switch|p2a: Blaziken|Blaziken, L76, F|247/247\n|turn|3\n|\n|t:|1684360823\n|-start|p2a: Blaziken|Dynamax|\n|-heal|p2a: Blaziken|494/494|[silent]\n|move|p1a: Darmanitan|Earthquake|p2a: Blaziken\n|-supereffective|p2a: Blaziken\n|-damage|p2a: Blaziken|208/494\n|-damage|p1a: Darmanitan|186/299|[from] item: Life Orb\n|move|p2a: Blaziken|Max Rockfall|p1a: Darmanitan\n|-supereffective|p1a: Darmanitan\n|-damage|p1a: Darmanitan|0 fnt\n|-weather|Sandstorm\n|faint|p1a: Darmanitan\n|\n|-weather|Sandstorm|[upkeep]\n|-damage|p2a: Blaziken|193/494|[from] Sandstorm\n|-ability|p2a: Blaziken|Speed Boost|boost\n|-boost|p2a: Blaziken|spe|1\n|upkeep\n|\n|t:|1684360839\n|switch|p1a: Tapu Fini|Tapu Fini, L78|237/237\n|-fieldstart|move: Misty Terrain|[from] ability: Misty Surge|[of] p1a: Tapu Fini\n|turn|4\n|inactive|bug hunter 14 has 120 seconds left.\n|\n|t:|1684360855\n|-start|p1a: Tapu Fini|Dynamax|\n|-heal|p1a: Tapu Fini|474/474|[silent]\n|move|p2a: Blaziken|Max Flare|p1a: Tapu Fini\n|-resisted|p1a: Tapu Fini\n|-damage|p1a: Tapu Fini|414/474\n|-weather|SunnyDay\n|move|p1a: Tapu Fini|Max Geyser|p2a: Blaziken\n|-supereffective|p2a: Blaziken\n|-damage|p2a: Blaziken|49/494\n|-weather|RainDance\n|\n|-weather|RainDance|[upkeep]\n|-heal|p1a: Tapu Fini|428/474|[from] item: Leftovers\n|-ability|p2a: Blaziken|Speed Boost|boost\n|-boost|p2a: Blaziken|spe|1\n|upkeep\n|turn|5\n|inactive|bug hunter 14 has 90 seconds left.\n|\n|t:|1684360886\n|-end|p2a: Blaziken|Dynamax\n|-heal|p2a: Blaziken|25/247|[silent]\n|switch|p2a: Articuno|Articuno, L84|288/288\n|-ability|p2a: Articuno|Pressure\n|move|p1a: Tapu Fini|Max Geyser|p2a: Articuno\n|-damage|p2a: Articuno|153/288\n|\n|-weather|RainDance|[upkeep]\n|-heal|p1a: Tapu Fini|442/474|[from] item: Leftovers\n|upkeep\n|turn|6\n|inactive|bug hunter 14 has 90 seconds left.\n|\n|t:|1684360898\n|move|p2a: Articuno|Roost|p2a: Articuno\n|-heal|p2a: Articuno|288/288\n|-singleturn|p2a: Articuno|move: Roost\n|move|p1a: Tapu Fini|Max Geyser|p2a: Articuno\n|-damage|p2a: Articuno|141/288\n|\n|-weather|RainDance|[upkeep]\n|-heal|p1a: Tapu Fini|456/474|[from] item: Leftovers\n|upkeep\n|-end|p1a: Tapu Fini|Dynamax\n|-heal|p1a: Tapu Fini|228/237|[silent]\n|turn|7\n|\n|t:|1684360909\n|move|p2a: Articuno|Roost|p2a: Articuno\n|-heal|p2a: Articuno|285/288\n|-singleturn|p2a: Articuno|move: Roost\n|move|p1a: Tapu Fini|Calm Mind|p1a: Tapu Fini\n|-boost|p1a: Tapu Fini|spa|1\n|-boost|p1a: Tapu Fini|spd|1\n|\n|-weather|RainDance|[upkeep]\n|-heal|p1a: Tapu Fini|237/237|[from] item: Leftovers\n|upkeep\n|turn|8\n|\n|t:|1684360917\n|move|p2a: Articuno|Freeze-Dry|p1a: Tapu Fini\n|-supereffective|p1a: Tapu Fini\n|-damage|p1a: Tapu Fini|163/237\n|move|p1a: Tapu Fini|Taunt|p2a: Articuno\n|-start|p2a: Articuno|move: Taunt\n|\n|-weather|none\n|-heal|p1a: Tapu Fini|177/237|[from] item: Leftovers\n|-fieldend|Misty Terrain\n|upkeep\n|turn|9\n|\n|t:|1684360928\n|move|p2a: Articuno|Freeze-Dry|p1a: Tapu Fini\n|-supereffective|p1a: Tapu Fini\n|-damage|p1a: Tapu Fini|103/237\n|move|p1a: Tapu Fini|Surf|p2a: Articuno\n|-damage|p2a: Articuno|191/288\n|\n|-heal|p1a: Tapu Fini|117/237|[from] item: Leftovers\n|upkeep\n|turn|10\n|inactive|bug hunter 14 has 120 seconds left.\n|\n|t:|1684360936\n|move|p2a: Articuno|Freeze-Dry|p1a: Tapu Fini\n|-supereffective|p1a: Tapu Fini\n|-damage|p1a: Tapu Fini|43/237\n|move|p1a: Tapu Fini|Moonblast|p2a: Articuno\n|-damage|p2a: Articuno|85/288\n|\n|-heal|p1a: Tapu Fini|57/237|[from] item: Leftovers\n|upkeep\n|turn|11\n|\n|t:|1684360944\n|move|p2a: Articuno|Freeze-Dry|p1a: Tapu Fini\n|-supereffective|p1a: Tapu Fini\n|-damage|p1a: Tapu Fini|0 fnt\n|faint|p1a: Tapu Fini\n|\n|-end|p2a: Articuno|move: Taunt\n|upkeep\n|\n|t:|1684360950\n|switch|p1a: Weavile|Weavile, L79, M|240/240\n|turn|12\n|\n|t:|1684360960\n|move|p1a: Weavile|Knock Off|p2a: Articuno\n|-damage|p2a: Articuno|0 fnt\n|-enditem|p2a: Articuno|Heavy-Duty Boots|[from] move: Knock Off|[of] p1a: Weavile\n|faint|p2a: Articuno\n|\n|upkeep\n|\n|t:|1684360970\n|switch|p2a: Ho-Oh|Ho-Oh, L72|272/272\n|turn|13\n|\n|t:|1684360976\n|switch|p1a: Giratina|Giratina, L74|344/344\n|-ability|p1a: Giratina|Pressure\n|move|p2a: Ho-Oh|Sacred Fire|p1a: Giratina\n|-resisted|p1a: Giratina\n|-damage|p1a: Giratina|296/344\n|-status|p1a: Giratina|brn\n|\n|-heal|p1a: Giratina|317/344 brn|[from] item: Leftovers\n|-damage|p1a: Giratina|296/344 brn|[from] brn\n|upkeep\n|turn|14\n|\n|t:|1684360997\n|switch|p2a: Vanilluxe|Vanilluxe, L82, F|251/251\n|-weather|Hail|[from] ability: Snow Warning|[of] p2a: Vanilluxe\n|move|p1a: Giratina|Toxic|p2a: Vanilluxe\n|-status|p2a: Vanilluxe|tox\n|\n|-weather|Hail|[upkeep]\n|-damage|p1a: Giratina|275/344 brn|[from] Hail\n|-heal|p1a: Giratina|296/344 brn|[from] item: Leftovers\n|-damage|p2a: Vanilluxe|236/251 tox|[from] psn\n|-damage|p1a: Giratina|275/344 brn|[from] brn\n|upkeep\n|turn|15\n|\n|t:|1684361013\n|switch|p2a: Sylveon|Sylveon, L84, F|297/297\n|switch|p1a: Silvally|Silvally-Bug, L84|297/297\n|\n|-weather|Hail|[upkeep]\n|-damage|p1a: Silvally|279/297|[from] Hail\n|-damage|p2a: Sylveon|279/297|[from] Hail\n|-heal|p2a: Sylveon|297/297|[from] item: Leftovers\n|upkeep\n|turn|16\n|\n|t:|1684361031\n|move|p1a: Silvally|Parting Shot|p2a: Sylveon\n|-unboost|p2a: Sylveon|atk|1\n|-unboost|p2a: Sylveon|spa|1\n|\n|t:|1684361036\n|switch|p1a: Giratina|Giratina, L74|275/344 brn|[from] Parting Shot\n|-ability|p1a: Giratina|Pressure\n|move|p2a: Sylveon|Hyper Voice|p1a: Giratina\n|-supereffective|p1a: Giratina\n|-damage|p1a: Giratina|123/344 brn\n|\n|-weather|Hail|[upkeep]\n|-damage|p1a: Giratina|102/344 brn|[from] Hail\n|-damage|p2a: Sylveon|279/297|[from] Hail\n|-heal|p1a: Giratina|123/344 brn|[from] item: Leftovers\n|-heal|p2a: Sylveon|297/297|[from] item: Leftovers\n|-damage|p1a: Giratina|102/344 brn|[from] brn\n|upkeep\n|turn|17\n|\n|t:|1684361048\n|move|p1a: Giratina|Toxic|p2a: Sylveon\n|-status|p2a: Sylveon|tox\n|move|p2a: Sylveon|Hyper Voice|p1a: Giratina\n|-supereffective|p1a: Giratina\n|-damage|p1a: Giratina|0 fnt\n|faint|p1a: Giratina\n|\n|-weather|Hail|[upkeep]\n|-damage|p2a: Sylveon|279/297 tox|[from] Hail\n|-heal|p2a: Sylveon|297/297 tox|[from] item: Leftovers\n|-damage|p2a: Sylveon|279/297 tox|[from] psn\n|upkeep\n|\n|t:|1684361064\n|switch|p1a: Silvally|Silvally-Bug, L84|279/297\n|turn|18\n|\n|t:|1684361074\n|switch|p2a: Ho-Oh|Ho-Oh, L72|272/272\n|move|p1a: Silvally|Thunderbolt|p2a: Ho-Oh\n|-supereffective|p2a: Ho-Oh\n|-damage|p2a: Ho-Oh|174/272\n|\n|-weather|none\n|upkeep\n|turn|19\n|\n|t:|1684361082\n|move|p1a: Silvally|Thunderbolt|p2a: Ho-Oh\n|-supereffective|p2a: Ho-Oh\n|-damage|p2a: Ho-Oh|84/272\n|move|p2a: Ho-Oh|Roost|p2a: Ho-Oh\n|-heal|p2a: Ho-Oh|220/272\n|-singleturn|p2a: Ho-Oh|move: Roost\n|\n|upkeep\n|turn|20\n|\n|t:|1684361091\n|move|p1a: Silvally|Thunderbolt|p2a: Ho-Oh\n|-supereffective|p2a: Ho-Oh\n|-damage|p2a: Ho-Oh|128/272\n|move|p2a: Ho-Oh|Sacred Fire|p1a: Silvally\n|-supereffective|p1a: Silvally\n|-damage|p1a: Silvally|99/297\n|\n|upkeep\n|turn|21\n|\n|t:|1684361098\n|move|p1a: Silvally|Thunderbolt|p2a: Ho-Oh\n|-supereffective|p2a: Ho-Oh\n|-damage|p2a: Ho-Oh|42/272\n|move|p2a: Ho-Oh|Roost|p2a: Ho-Oh\n|-heal|p2a: Ho-Oh|178/272\n|-singleturn|p2a: Ho-Oh|move: Roost\n|\n|upkeep\n|turn|22\n|\n|t:|1684361105\n|move|p1a: Silvally|Thunderbolt|p2a: Ho-Oh\n|-supereffective|p2a: Ho-Oh\n|-damage|p2a: Ho-Oh|80/272\n|move|p2a: Ho-Oh|Roost|p2a: Ho-Oh\n|-heal|p2a: Ho-Oh|216/272\n|-singleturn|p2a: Ho-Oh|move: Roost\n|\n|upkeep\n|turn|23\n|\n|t:|1684361114\n|move|p1a: Silvally|Thunderbolt|p2a: Ho-Oh\n|-supereffective|p2a: Ho-Oh\n|-damage|p2a: Ho-Oh|120/272\n|move|p2a: Ho-Oh|Roost|p2a: Ho-Oh\n|-heal|p2a: Ho-Oh|256/272\n|-singleturn|p2a: Ho-Oh|move: Roost\n|\n|upkeep\n|turn|24\n|\n|t:|1684361123\n|move|p1a: Silvally|Thunderbolt|p2a: Ho-Oh\n|-supereffective|p2a: Ho-Oh\n|-damage|p2a: Ho-Oh|160/272\n|move|p2a: Ho-Oh|Sacred Fire|p1a: Silvally\n|-supereffective|p1a: Silvally\n|-damage|p1a: Silvally|0 fnt\n|faint|p1a: Silvally\n|\n|upkeep\n|\n|t:|1684361134\n|switch|p1a: Xurkitree|Xurkitree, L76|251/251\n|turn|25\n|\n|t:|1684361149\n|switch|p2a: Vanilluxe|Vanilluxe, L82, F|236/251 tox\n|-weather|Hail|[from] ability: Snow Warning|[of] p2a: Vanilluxe\n|move|p1a: Xurkitree|Hypnosis||[still]\n|-fail|p1a: Xurkitree\n|\n|-weather|Hail|[upkeep]\n|-damage|p1a: Xurkitree|236/251|[from] Hail\n|-damage|p2a: Vanilluxe|221/251 tox|[from] psn\n|upkeep\n|turn|26\n|\n|t:|1684361168\n|switch|p1a: Weavile|Weavile, L79, M|240/240\n|move|p2a: Vanilluxe|Explosion|p1a: Weavile\n|-damage|p1a: Weavile|31/240\n|faint|p2a: Vanilluxe\n|\n|-weather|Hail|[upkeep]\n|upkeep\n|inactive|bug hunter 14 has 120 seconds left.\n|\n|t:|1684361190\n|switch|p2a: Ho-Oh|Ho-Oh, L72|250/272\n|turn|27\n|\n|t:|1684361194\n|move|p1a: Weavile|Knock Off|p2a: Ho-Oh\n|-damage|p2a: Ho-Oh|130/272\n|-enditem|p2a: Ho-Oh|Heavy-Duty Boots|[from] move: Knock Off|[of] p1a: Weavile\n|move|p2a: Ho-Oh|Brave Bird|p1a: Weavile\n|-damage|p1a: Weavile|0 fnt\n|faint|p1a: Weavile\n|-damage|p2a: Ho-Oh|120/272|[from] Recoil\n|\n|-weather|Hail|[upkeep]\n|-damage|p2a: Ho-Oh|103/272|[from] Hail\n|upkeep\n|\n|t:|1684361203\n|switch|p1a: Xurkitree|Xurkitree, L76|236/251\n|turn|28\n|\n|t:|1684361212\n|move|p2a: Ho-Oh|Toxic|p1a: Xurkitree\n|-status|p1a: Xurkitree|tox\n|move|p1a: Xurkitree|Hypnosis|p2a: Ho-Oh|[miss]\n|-miss|p1a: Xurkitree|p2a: Ho-Oh\n|-enditem|p1a: Xurkitree|Blunder Policy\n|-boost|p1a: Xurkitree|spe|2\n|\n|-weather|Hail|[upkeep]\n|-damage|p1a: Xurkitree|221/251 tox|[from] Hail\n|-damage|p2a: Ho-Oh|86/272|[from] Hail\n|-damage|p1a: Xurkitree|206/251 tox|[from] psn\n|upkeep\n|turn|29\n|\n|t:|1684361224\n|move|p1a: Xurkitree|Thunderbolt|p2a: Ho-Oh\n|-supereffective|p2a: Ho-Oh\n|-damage|p2a: Ho-Oh|0 fnt\n|faint|p2a: Ho-Oh\n|-ability|p1a: Xurkitree|Beast Boost|boost\n|-boost|p1a: Xurkitree|spa|1\n|\n|-weather|none\n|-damage|p1a: Xurkitree|176/251 tox|[from] psn\n|upkeep\n|\n|t:|1684361227\n|switch|p2a: Sylveon|Sylveon, L84, F|279/297 tox\n|turn|30\n|\n|t:|1684361238\n|move|p1a: Xurkitree|Thunderbolt|p2a: Sylveon\n|-damage|p2a: Sylveon|132/297 tox\n|move|p2a: Sylveon|Mystical Fire|p1a: Xurkitree\n|-damage|p1a: Xurkitree|97/251 tox\n|-unboost|p1a: Xurkitree|spa|1\n|\n|-heal|p2a: Sylveon|150/297 tox|[from] item: Leftovers\n|-damage|p1a: Xurkitree|52/251 tox|[from] psn\n|-damage|p2a: Sylveon|132/297 tox|[from] psn\n|upkeep\n|turn|31\n|\n|t:|1684361250\n|move|p1a: Xurkitree|Thunderbolt|p2a: Sylveon\n|-damage|p2a: Sylveon|41/297 tox\n|move|p2a: Sylveon|Hyper Voice|p1a: Xurkitree\n|-damage|p1a: Xurkitree|0 fnt\n|faint|p1a: Xurkitree\n|\n|win|bug hunter 14\n|raw|Nursey 29's rating: 1655 &rarr; <strong>1633</strong><br />(-22 for losing)\n|raw|bug hunter 14's rating: 1628 &rarr; <strong>1650</strong><br />(+22 for winning)\n", "inputlog": ">version 3f967b429d9dd76d8eb692efdd7dfe9038092d20\n>start {\"formatid\":\"gen8randombattle\",\"seed\":[13372,56262,53108,52308],\"rated\":\"Rated battle\"}\n>player p1 {\"name\":\"Nursey 29\",\"avatar\":\"lucas\",\"rating\":1655,\"seed\":[8358,48741,63727,44572]}\n>player p2 {\"name\":\"bug hunter 14\",\"avatar\":\"ballguy\",\"rating\":1628,\"seed\":[30514,30485,3506,8917]}\n>chat \u2606bug hunter 14|glhf\n>chat \u2606Nursey 29|u2 :)\n>chat \u2606bug hunter 14|ty\n>p1 move partingshot\n>p2 switch 3\n>p1 switch 5\n>p1 move flareblitz\n>p2 move thunderbolt\n>p2 switch 3\n>p1 move earthquake\n>p2 move stoneedge dynamax\n>p1 switch 6\n>p1 move surf dynamax\n>p2 move flareblitz dynamax\n>p1 move surf dynamax\n>p2 switch 4\n>p1 move surf dynamax\n>p2 move roost\n>p1 move calmmind\n>p2 move roost\n>p1 move taunt\n>p2 move freezedry\n>p1 move surf\n>p2 move freezedry\n>p1 move moonblast\n>p2 move freezedry\n>p1 move moonblast\n>p2 move freezedry\n>p1 switch 2\n>p1 move knockoff\n>p2 move toxic\n>p2 switch 5\n>p1 switch 4\n>p2 move sacredfire\n>p1 move toxic\n>p2 switch 6\n>p1 switch 5\n>p2 switch 2\n>p1 move partingshot\n>p2 move hypervoice\n>p1 switch 5\n>p1 move toxic\n>p2 move hypervoice\n>p1 switch 5\n>p1 move thunderbolt\n>p2 switch 6\n>p1 move thunderbolt\n>p2 move roost\n>p1 move thunderbolt\n>p2 move sacredfire\n>p1 move thunderbolt\n>p2 move roost\n>p1 move thunderbolt\n>p2 move roost\n>p1 move thunderbolt\n>p2 move roost\n>p1 move thunderbolt\n>p2 move sacredfire\n>p1 switch 3\n>p1 move hypnosis\n>p2 switch 2\n>p1 switch 4\n>p2 move explosion\n>p2 switch 2\n>p1 move knockoff\n>p2 move bravebird\n>p1 switch 4\n>p1 move hypnosis\n>p2 move toxic\n>p1 move thunderbolt\n>p2 move bravebird\n>p2 switch 6\n>p1 move thunderbolt\n>p2 move mysticalfire\n>p1 move thunderbolt\n>p2 move hypervoice", "uploadtime": 1684361285, "views": 8, "p1id": "nursey29", "p2id": "bughunter14", "formatid": "gen8randombattle", "rating": 1633, "private": 0, "password": ""}