{"id": "gen8randombattle-1873871584", "p1": "Sweet Baguette", "p2": "RomeoArturia", "format": "[Gen 8] Random Battle", "log": "|j|\u2606Sweet Baguette\n|j|\u203dRomeoArturia\n|t:|1685435693\n|gametype|singles\n|player|p1|Sweet Baguette|swimmer|1489\n|player|p2|RomeoArturia|arezu|1718\n|teamsize|p1|6\n|teamsize|p2|6\n|gen|8\n|tier|[Gen 8] Random Battle\n|rated|\n|rule|Species Clause: Limit one of each Pok\u00e9mon\n|rule|HP Percentage Mod: HP is shown in percentages\n|rule|Sleep Clause Mod: Limit one foe put to sleep\n|\n|t:|1685435693\n|start\n|switch|p1a: Porygon-Z|Porygon-Z, L80|267/267\n|switch|p2a: Lapras|Lapras, L86, M|363/363\n|turn|1\n|inactive|Battle timer is ON: inactive players will automatically lose when time's up. (requested by RomeoArturia)\n|\n|t:|1685435703\n|move|p1a: Porygon-Z|Trick|p2a: Lapras\n|-activate|p1a: Porygon-Z|move: Trick|[of] p2a: Lapras\n|-item|p2a: Lapras|Choice Scarf|[from] move: Trick\n|-item|p1a: Porygon-Z|Leftovers|[from] move: Trick\n|move|p2a: Lapras|Ice Beam|p1a: Porygon-Z\n|-damage|p1a: Porygon-Z|159/267\n|\n|-heal|p1a: Porygon-Z|175/267|[from] item: Leftovers\n|upkeep\n|turn|2\n|\n|t:|1685435720\n|switch|p1a: Togedemaru|Togedemaru, L86, F|252/252\n|move|p2a: Lapras|Ice Beam|p1a: Togedemaru\n|-resisted|p1a: Togedemaru\n|-damage|p1a: Togedemaru|201/252\n|\n|-heal|p1a: Togedemaru|216/252|[from] item: Leftovers\n|upkeep\n|turn|3\n|\n|t:|1685435725\n|switch|p2a: Mudsdale|Mudsdale, L82, M|298/298\n|move|p1a: Togedemaru|U-turn|p2a: Mudsdale\n|-damage|p2a: Mudsdale|250/298\n|-ability|p2a: Mudsdale|Stamina|boost\n|-boost|p2a: Mudsdale|def|1\n|\n|t:|1685435744\n|switch|p1a: Noctowl|Noctowl, L88, F|319/319|[from] U-turn\n|\n|upkeep\n|turn|4\n|\n|t:|1685435764\n|move|p1a: Noctowl|Hurricane|p2a: Mudsdale|[miss]\n|-miss|p1a: Noctowl|p2a: Mudsdale\n|move|p2a: Mudsdale|Body Press|p1a: Noctowl\n|-damage|p1a: Noctowl|135/319\n|\n|upkeep\n|turn|5\n|\n|t:|1685435773\n|move|p1a: Noctowl|Hurricane|p2a: Mudsdale\n|-damage|p2a: Mudsdale|127/298\n|-start|p2a: Mudsdale|confusion\n|-ability|p2a: Mudsdale|Stamina|boost\n|-boost|p2a: Mudsdale|def|1\n|-activate|p2a: Mudsdale|confusion\n|move|p2a: Mudsdale|Body Press|p1a: Noctowl\n|-damage|p1a: Noctowl|0 fnt\n|faint|p1a: Noctowl\n|\n|upkeep\n|\n|t:|1685435788\n|switch|p1a: Porygon-Z|Porygon-Z, L80|175/267\n|turn|6\n|\n|t:|1685435794\n|switch|p2a: Conkeldurr|Conkeldurr, L80, M|299/299\n|move|p1a: Porygon-Z|Ice Beam|p2a: Conkeldurr\n|-damage|p2a: Conkeldurr|194/299\n|\n|-heal|p1a: Porygon-Z|191/267|[from] item: Leftovers\n|-status|p2a: Conkeldurr|brn|[from] item: Flame Orb\n|upkeep\n|turn|7\n|\n|t:|1685435813\n|switch|p1a: Aggron|Aggron, L85, F|258/258\n|-item|p1a: Aggron|Air Balloon\n|move|p2a: Conkeldurr|Close Combat|p1a: Aggron\n|-supereffective|p1a: Aggron\n|-damage|p1a: Aggron|0 fnt\n|-unboost|p2a: Conkeldurr|def|1\n|-unboost|p2a: Conkeldurr|spd|1\n|-enditem|p1a: Aggron|Air Balloon\n|faint|p1a: Aggron\n|\n|-damage|p2a: Conkeldurr|176/299 brn|[from] brn\n|upkeep\n|\n|t:|1685435819\n|switch|p1a: Porygon-Z|Porygon-Z, L80|191/267\n|turn|8\n|\n|t:|1685435829\n|move|p2a: Conkeldurr|Mach Punch|p1a: Porygon-Z\n|-supereffective|p1a: Porygon-Z\n|-damage|p1a: Porygon-Z|0 fnt\n|faint|p1a: Porygon-Z\n|\n|-damage|p2a: Conkeldurr|158/299 brn|[from] brn\n|upkeep\n|\n|t:|1685435833\n|switch|p1a: Hawlucha|Hawlucha, L80, F|256/256\n|turn|9\n|\n|t:|1685435839\n|move|p1a: Hawlucha|Swords Dance|p1a: Hawlucha\n|-boost|p1a: Hawlucha|atk|2\n|move|p2a: Conkeldurr|Facade|p1a: Hawlucha\n|-damage|p1a: Hawlucha|34/256\n|\n|-damage|p2a: Conkeldurr|140/299 brn|[from] brn\n|upkeep\n|turn|10\n|\n|t:|1685435852\n|move|p2a: Conkeldurr|Mach Punch|p1a: Hawlucha\n|-resisted|p1a: Hawlucha\n|-damage|p1a: Hawlucha|0 fnt\n|faint|p1a: Hawlucha\n|\n|-damage|p2a: Conkeldurr|122/299 brn|[from] brn\n|upkeep\n|-message|Sweet Baguette forfeited.\n|\n|win|RomeoArturia\n|raw|Sweet Baguette's rating: 1489 &rarr; <strong>1481</strong><br />(-8 for losing)\n|raw|RomeoArturia's rating: 1718 &rarr; <strong>1726</strong><br />(+8 for winning)\n|l|\u2606Sweet Baguette\n", "inputlog": ">version 6fec31d5a0d4498a06105aa188c9906bc0b6bf95\n>start {\"formatid\":\"gen8randombattle\",\"seed\":[29887,49883,23303,51675],\"rated\":\"Rated battle\"}\n>player p1 {\"name\":\"Sweet Baguette\",\"avatar\":\"swimmer\",\"rating\":1489,\"seed\":[25429,24844,58469,19322]}\n>player p2 {\"name\":\"RomeoArturia\",\"avatar\":\"arezu\",\"rating\":1718,\"seed\":[64533,25804,53707,37569]}\n>p1 move trick\n>p2 move icebeam\n>p1 switch 5\n>p2 move icebeam\n>p1 move uturn\n>p2 switch 3\n>p1 switch 6\n>p1 move hurricane\n>p2 move bodypress\n>p1 move hurricane\n>p2 move bodypress\n>p1 switch 5\n>p1 move icebeam\n>p2 switch 4\n>p1 switch 4\n>p2 move closecombat\n>p1 switch 4\n>p1 move triattack\n>p2 move machpunch\n>p1 switch 2\n>p1 move swordsdance\n>p2 move facade\n>p1 move closecombat\n>p2 move machpunch\n>forcelose p1", "uploadtime": 1685435867, "views": 9, "p1id": "sweetbaguette", "p2id": "romeoarturia", "formatid": "gen8randombattle", "rating": 1481, "private": 0, "password": ""}