|j|☆krai_ace
|j|☆Jr1234jr
|t:|1684270136
|gametype|singles
|player|p1|krai_ace|169|1145
|player|p2|Jr1234jr|ethan|1172
|teamsize|p1|6
|teamsize|p2|6
|gen|8
|tier|[Gen 8] Random Battle
|rated|
|rule|Species Clause: Limit one of each Pokémon
|rule|HP Percentage Mod: HP is shown in percentages
|rule|Sleep Clause Mod: Limit one foe put to sleep
|
|t:|1684270136
|start
|switch|p1a: Escavalier|Escavalier, L84, M|255/255
|switch|p2a: Sableye|Sableye, L88, F|231/231
|turn|1
|
|t:|1684270165
|move|p2a: Sableye|Knock Off|p1a: Escavalier
|-damage|p1a: Escavalier|179/255
|-enditem|p1a: Escavalier|Leftovers|[from] move: Knock Off|[of] p2a: Sableye
|move|p1a: Escavalier|Swords Dance|p1a: Escavalier
|-boost|p1a: Escavalier|atk|2
|
|upkeep
|turn|2
|
|t:|1684270239
|switch|p2a: Hydreigon|Hydreigon, L80, M|278/278
|move|p1a: Escavalier|Iron Head|p2a: Hydreigon
|-damage|p2a: Hydreigon|38/278
|
|upkeep
|turn|3
|
|t:|1684270261
|-start|p2a: Hydreigon|Dynamax|
|-heal|p2a: Hydreigon|76/556|[silent]
|move|p2a: Hydreigon|Max Flare|p1a: Escavalier
|-supereffective|p1a: Escavalier
|-damage|p1a: Escavalier|0 fnt
|-weather|SunnyDay
|faint|p1a: Escavalier
|
|-weather|SunnyDay|[upkeep]
|upkeep
|
|t:|1684270272
|switch|p1a: Marowak|Marowak, L86, M|243/243
|turn|4
|
|t:|1684270283
|move|p2a: Hydreigon|Max Steelspike|p1a: Marowak
|-damage|p1a: Marowak|133/243
|-boost|p2a: Hydreigon|def|1
|move|p1a: Marowak|Double-Edge|p2a: Hydreigon
|-damage|p2a: Hydreigon|0 fnt
|faint|p2a: Hydreigon
|
|-weather|SunnyDay|[upkeep]
|upkeep
|c|☆krai_ace|rekt
|c|☆krai_ace|magot
|
|t:|1684270299
|switch|p2a: Tentacruel|Tentacruel, L84, F|272/272
|turn|5
|
|t:|1684270308
|move|p2a: Tentacruel|Scald|p1a: Marowak
|-supereffective|p1a: Marowak
|-damage|p1a: Marowak|61/243
|-status|p1a: Marowak|brn
|move|p1a: Marowak|Earthquake|p2a: Tentacruel
|-supereffective|p2a: Tentacruel
|-damage|p2a: Tentacruel|26/272
|
|-weather|SunnyDay|[upkeep]
|-heal|p2a: Tentacruel|43/272|[from] item: Black Sludge
|-damage|p1a: Marowak|46/243 brn|[from] brn
|upkeep
|turn|6
|c|☆krai_ace|hahahahahah
|c|☆krai_ace|suck
|
|t:|1684270326
|move|p2a: Tentacruel|Scald|p1a: Marowak
|-supereffective|p1a: Marowak
|-damage|p1a: Marowak|0 fnt
|faint|p1a: Marowak
|
|-weather|SunnyDay|[upkeep]
|-heal|p2a: Tentacruel|60/272|[from] item: Black Sludge
|upkeep
|
|t:|1684270344
|switch|p1a: Drampa|Drampa, L86, F|274/274
|turn|7
|
|t:|1684270353
|move|p2a: Tentacruel|Knock Off|p1a: Drampa
|-damage|p1a: Drampa|217/274
|-enditem|p1a: Drampa|Leftovers|[from] move: Knock Off|[of] p2a: Tentacruel
|move|p1a: Drampa|Hyper Voice|p2a: Tentacruel
|-damage|p2a: Tentacruel|0 fnt
|faint|p2a: Tentacruel
|
|-weather|none
|upkeep
|
|t:|1684270362
|switch|p2a: Sableye|Sableye, L88, F|231/231
|turn|8
|c|☆krai_ace|kiss my has
|
|t:|1684270369
|move|p2a: Sableye|Toxic|p1a: Drampa
|-status|p1a: Drampa|tox
|move|p1a: Drampa|Glare|p2a: Sableye
|-status|p2a: Sableye|par
|
|-damage|p1a: Drampa|200/274 tox|[from] psn
|upkeep
|turn|9
|
|t:|1684270378
|move|p1a: Drampa|Draco Meteor|p2a: Sableye
|-damage|p2a: Sableye|0 fnt
|-unboost|p1a: Drampa|spa|2
|faint|p2a: Sableye
|
|-damage|p1a: Drampa|166/274 tox|[from] psn
|upkeep
|
|t:|1684270383
|switch|p2a: Lunala|Lunala, L72|316/316
|turn|10
|
|t:|1684270392
|switch|p1a: Ferrothorn|Ferrothorn, L78, F|244/244
|move|p2a: Lunala|Calm Mind|p2a: Lunala
|-boost|p2a: Lunala|spa|1
|-boost|p2a: Lunala|spd|1
|
|upkeep
|turn|11
|c|☆krai_ace|stupid
|
|t:|1684270413
|move|p2a: Lunala|Moongeist Beam|p1a: Ferrothorn
|-damage|p1a: Ferrothorn|120/244
|move|p1a: Ferrothorn|Leech Seed|p2a: Lunala
|-start|p2a: Lunala|move: Leech Seed
|
|-heal|p1a: Ferrothorn|135/244|[from] item: Leftovers
|-damage|p2a: Lunala|277/316|[from] Leech Seed|[of] p1a: Ferrothorn
|-heal|p1a: Ferrothorn|174/244|[silent]
|upkeep
|turn|12
|c|☆krai_ace|you are a pice of shit
|
|t:|1684270427
|move|p1a: Ferrothorn|Protect|p1a: Ferrothorn
|-singleturn|p1a: Ferrothorn|Protect
|move|p2a: Lunala|Psyshock|p1a: Ferrothorn
|-activate|p1a: Ferrothorn|move: Protect
|
|-heal|p2a: Lunala|296/316|[from] item: Leftovers
|-heal|p1a: Ferrothorn|189/244|[from] item: Leftovers
|-damage|p2a: Lunala|257/316|[from] Leech Seed|[of] p1a: Ferrothorn
|-heal|p1a: Ferrothorn|228/244|[silent]
|upkeep
|turn|13
|
|t:|1684270437
|move|p2a: Lunala|Psyshock|p1a: Ferrothorn
|-resisted|p1a: Ferrothorn
|-damage|p1a: Ferrothorn|181/244
|move|p1a: Ferrothorn|Knock Off|p2a: Lunala
|-supereffective|p2a: Lunala
|-crit|p2a: Lunala
|-damage|p2a: Lunala|0 fnt
|-enditem|p2a: Lunala|Leftovers|[from] move: Knock Off|[of] p1a: Ferrothorn
|faint|p2a: Lunala
|
|-heal|p1a: Ferrothorn|196/244|[from] item: Leftovers
|upkeep
|
|t:|1684270443
|switch|p2a: Arctovish|Arctovish, L86|295/295
|turn|14
|
|t:|1684270453
|move|p2a: Arctovish|Icicle Crash|p1a: Ferrothorn
|-damage|p1a: Ferrothorn|84/244
|move|p1a: Ferrothorn|Leech Seed|p2a: Arctovish
|-start|p2a: Arctovish|move: Leech Seed
|
|-heal|p1a: Ferrothorn|99/244|[from] item: Leftovers
|-damage|p2a: Arctovish|259/295|[from] Leech Seed|[of] p1a: Ferrothorn
|-heal|p1a: Ferrothorn|135/244|[silent]
|upkeep
|turn|15
|
|t:|1684270461
|move|p1a: Ferrothorn|Protect|p1a: Ferrothorn
|-singleturn|p1a: Ferrothorn|Protect
|move|p2a: Arctovish|Icicle Crash|p1a: Ferrothorn
|-activate|p1a: Ferrothorn|move: Protect
|
|-heal|p1a: Ferrothorn|150/244|[from] item: Leftovers
|-damage|p2a: Arctovish|223/295|[from] Leech Seed|[of] p1a: Ferrothorn
|-heal|p1a: Ferrothorn|186/244|[silent]
|upkeep
|turn|16
|c|☆krai_ace|you dont have a brain
|
|t:|1684270484
|move|p2a: Arctovish|Icicle Crash|p1a: Ferrothorn
|-damage|p1a: Ferrothorn|71/244
|cant|p1a: Ferrothorn|flinch
|
|-heal|p1a: Ferrothorn|86/244|[from] item: Leftovers
|-damage|p2a: Arctovish|187/295|[from] Leech Seed|[of] p1a: Ferrothorn
|-heal|p1a: Ferrothorn|122/244|[silent]
|upkeep
|turn|17
|
|t:|1684270492
|switch|p2a: Jolteon|Jolteon, L82, M|241/241
|move|p1a: Ferrothorn|Protect||[still]
|-fail|p1a: Ferrothorn
|
|-heal|p1a: Ferrothorn|137/244|[from] item: Leftovers
|upkeep
|turn|18
|
|t:|1684270499
|move|p2a: Jolteon|Shadow Ball|p1a: Ferrothorn
|-damage|p1a: Ferrothorn|58/244
|move|p1a: Ferrothorn|Leech Seed|p2a: Jolteon
|-start|p2a: Jolteon|move: Leech Seed
|
|-heal|p1a: Ferrothorn|73/244|[from] item: Leftovers
|-damage|p2a: Jolteon|211/241|[from] Leech Seed|[of] p1a: Ferrothorn
|-heal|p1a: Ferrothorn|103/244|[silent]
|upkeep
|turn|19
|
|t:|1684270509
|switch|p2a: Arctovish|Arctovish, L86|187/295
|move|p1a: Ferrothorn|Protect||[still]
|-fail|p1a: Ferrothorn
|
|-heal|p1a: Ferrothorn|118/244|[from] item: Leftovers
|upkeep
|turn|20
|
|t:|1684270521
|move|p2a: Arctovish|Icicle Crash|p1a: Ferrothorn
|-damage|p1a: Ferrothorn|19/244
|move|p1a: Ferrothorn|Leech Seed|p2a: Arctovish
|-start|p2a: Arctovish|move: Leech Seed
|
|-heal|p1a: Ferrothorn|34/244|[from] item: Leftovers
|-damage|p2a: Arctovish|151/295|[from] Leech Seed|[of] p1a: Ferrothorn
|-heal|p1a: Ferrothorn|70/244|[silent]
|upkeep
|turn|21
|
|t:|1684270529
|move|p1a: Ferrothorn|Protect|p1a: Ferrothorn
|-singleturn|p1a: Ferrothorn|Protect
|move|p2a: Arctovish|Icicle Crash|p1a: Ferrothorn
|-activate|p1a: Ferrothorn|move: Protect
|
|-heal|p1a: Ferrothorn|85/244|[from] item: Leftovers
|-damage|p2a: Arctovish|115/295|[from] Leech Seed|[of] p1a: Ferrothorn
|-heal|p1a: Ferrothorn|121/244|[silent]
|upkeep
|turn|22
|
|t:|1684270538
|move|p2a: Arctovish|Icicle Crash|p1a: Ferrothorn
|-crit|p1a: Ferrothorn
|-damage|p1a: Ferrothorn|0 fnt
|faint|p1a: Ferrothorn
|
|upkeep
|
|t:|1684270545
|switch|p1a: Drampa|Drampa, L86, F|166/274 tox
|turn|23
|
|t:|1684270556
|move|p2a: Arctovish|Icicle Crash|p1a: Drampa
|-supereffective|p1a: Drampa
|-damage|p1a: Drampa|0 fnt
|faint|p1a: Drampa
|
|upkeep
|
|t:|1684270561
|switch|p1a: Darmanitan|Darmanitan-Galar, L78, F|292/292
|turn|24
|
|t:|1684270572
|switch|p2a: Jolteon|Jolteon, L82, M|211/241
|move|p1a: Darmanitan|Fire Punch|p2a: Jolteon
|-damage|p2a: Jolteon|131/241
|
|upkeep
|turn|25
|
|t:|1684270580
|move|p2a: Jolteon|Thunderbolt|p1a: Darmanitan
|-damage|p1a: Darmanitan|88/292
|move|p1a: Darmanitan|Icicle Crash|p2a: Jolteon
|-damage|p2a: Jolteon|0 fnt
|faint|p2a: Jolteon
|
|-formechange|p1a: Darmanitan|Darmanitan-Galar-Zen|
|upkeep
|
|t:|1684270584
|switch|p2a: Arctovish|Arctovish, L86|115/295
|turn|26
|c|☆krai_ace|stupid
|
|t:|1684270594
|move|p1a: Darmanitan|Fire Punch|p2a: Arctovish
|-damage|p2a: Arctovish|27/295
|move|p2a: Arctovish|Psychic Fangs|p1a: Darmanitan
|-damage|p1a: Darmanitan|0 fnt
|faint|p1a: Darmanitan
|
|upkeep
|c|☆krai_ace|now
|c|☆krai_ace|kiss my hass
|
|t:|1684270607
|switch|p1a: Salamence|Salamence, L76, F|269/269
|turn|27
|j|@Waves
|n|‽krai_ace|kraiace
|c|@Waves|/log krai_ace was locked from talking by Waves. (continued the same behavior they were warned for not too long ago)
|l|@Waves
|
|t:|1684270613
|-start|p1a: Salamence|Dynamax|
|-heal|p1a: Salamence|538/538|[silent]
|move|p1a: Salamence|Max Wyrmwind|p2a: Arctovish
|-damage|p2a: Arctovish|0 fnt
|faint|p2a: Arctovish
|
|win|krai_ace
|raw|krai_ace's rating: 1145 &rarr; <strong>1173</strong><br />(+28 for winning)
|raw|Jr1234jr's rating: 1188 &rarr; <strong>1160</strong><br />(-28 for losing)
