{"id": "gen8randombattle-1874144769", "p1": "namdingu", "p2": "trying_toget_tough", "format": "[Gen 8] Random Battle", "log": "|j|\u2606namdingu\n|j|\u2606trying_toget_tough\n|t:|1685468372\n|gametype|singles\n|player|p1|namdingu|brock|1297\n|player|p2|trying_toget_tough|265|1470\n|teamsize|p1|6\n|teamsize|p2|6\n|gen|8\n|tier|[Gen 8] Random Battle\n|rated|\n|rule|Species Clause: Limit one of each Pok\u00e9mon\n|rule|HP Percentage Mod: HP is shown in percentages\n|rule|Sleep Clause Mod: Limit one foe put to sleep\n|\n|t:|1685468372\n|start\n|switch|p1a: Gastrodon|Gastrodon-East, L84, F|324/324\n|switch|p2a: Giratina|Giratina-Origin, L74|344/344\n|turn|1\n|\n|t:|1685468385\n|switch|p1a: Drapion|Drapion, L82, M|249/249\n|move|p2a: Giratina|Hone Claws|p2a: Giratina\n|-boost|p2a: Giratina|atk|1\n|-boost|p2a: Giratina|accuracy|1\n|\n|upkeep\n|turn|2\n|inactive|Battle timer is ON: inactive players will automatically lose when time's up. (requested by trying_toget_tough)\n|\n|t:|1685468394\n|move|p1a: Drapion|Swords Dance|p1a: Drapion\n|-boost|p1a: Drapion|atk|2\n|move|p2a: Giratina|Outrage|p1a: Drapion\n|-damage|p1a: Drapion|68/249\n|\n|upkeep\n|turn|3\n|\n|t:|1685468402\n|move|p1a: Drapion|Knock Off|p2a: Giratina\n|-supereffective|p2a: Giratina\n|-damage|p2a: Giratina|0 fnt\n|faint|p2a: Giratina\n|-damage|p1a: Drapion|44/249|[from] item: Life Orb\n|\n|upkeep\n|\n|t:|1685468412\n|switch|p2a: Persian|Persian, L88, M|258/258\n|turn|4\n|\n|t:|1685468417\n|move|p2a: Persian|U-turn|p1a: Drapion\n|-crit|p1a: Drapion\n|-damage|p1a: Drapion|0 fnt\n|faint|p1a: Drapion\n|\n|t:|1685468438\n|switch|p2a: Articuno|Articuno, L84|288/288|[from] U-turn\n|-ability|p2a: Articuno|Pressure\n|\n|upkeep\n|\n|t:|1685468457\n|switch|p1a: Salazzle|Salazzle, L82, F|246/246\n|turn|5\n|\n|t:|1685468468\n|switch|p2a: Ninetales|Ninetales, L82, F|254/254\n|-weather|SunnyDay|[from] ability: Drought|[of] p2a: Ninetales\n|-start|p1a: Salazzle|Dynamax|\n|-heal|p1a: Salazzle|492/492|[silent]\n|move|p1a: Salazzle|Max Flare|p2a: Ninetales\n|-resisted|p2a: Ninetales\n|-damage|p2a: Ninetales|148/254\n|\n|-weather|SunnyDay|[upkeep]\n|upkeep\n|turn|6\n|\n|t:|1685468482\n|-start|p2a: Ninetales|Dynamax|\n|-heal|p2a: Ninetales|296/508|[silent]\n|move|p2a: Ninetales|Max Guard|p2a: Ninetales\n|-singleturn|p2a: Ninetales|Max Guard\n|move|p1a: Salazzle|Max Flare|p2a: Ninetales\n|-activate|p2a: Ninetales|move: Max Guard\n|\n|-weather|SunnyDay|[upkeep]\n|upkeep\n|turn|7\n|\n|t:|1685468494\n|move|p1a: Salazzle|Max Guard|p1a: Salazzle\n|-singleturn|p1a: Salazzle|Max Guard\n|move|p2a: Ninetales|Max Quake|p1a: Salazzle\n|-activate|p1a: Salazzle|move: Max Guard\n|\n|-weather|SunnyDay|[upkeep]\n|upkeep\n|-end|p1a: Salazzle|Dynamax\n|-heal|p1a: Salazzle|246/246|[silent]\n|turn|8\n|\n|t:|1685468502\n|switch|p1a: Gastrodon|Gastrodon-East, L84, F|324/324\n|move|p2a: Ninetales|Max Quake|p1a: Gastrodon\n|-damage|p1a: Gastrodon|253/324\n|-boost|p2a: Ninetales|spd|1\n|\n|-weather|SunnyDay|[upkeep]\n|-heal|p1a: Gastrodon|273/324|[from] item: Leftovers\n|upkeep\n|-end|p2a: Ninetales|Dynamax\n|-heal|p2a: Ninetales|148/254|[silent]\n|turn|9\n|\n|t:|1685468514\n|move|p2a: Ninetales|Solar Beam||[still]\n|-prepare|p2a: Ninetales|Solar Beam\n|-anim|p2a: Ninetales|Solar Beam|p1a: Gastrodon\n|-supereffective|p1a: Gastrodon\n|-damage|p1a: Gastrodon|0 fnt\n|faint|p1a: Gastrodon\n|\n|-weather|none\n|upkeep\n|\n|t:|1685468521\n|switch|p1a: Marowak|Marowak, L86, M|243/243\n|turn|10\n|\n|t:|1685468527\n|switch|p2a: Articuno|Articuno, L84|288/288\n|-ability|p2a: Articuno|Pressure\n|move|p1a: Marowak|Earthquake|p2a: Articuno\n|-immune|p2a: Articuno\n|\n|upkeep\n|turn|11\n|\n|t:|1685468537\n|switch|p1a: Salazzle|Salazzle, L82, F|246/246\n|move|p2a: Articuno|Toxic|p1a: Salazzle\n|-immune|p1a: Salazzle\n|\n|upkeep\n|turn|12\n|\n|t:|1685468545\n|move|p1a: Salazzle|Toxic|p2a: Articuno\n|-status|p2a: Articuno|tox\n|move|p2a: Articuno|Freeze-Dry|p1a: Salazzle\n|-resisted|p1a: Salazzle\n|-damage|p1a: Salazzle|193/246\n|\n|-heal|p1a: Salazzle|208/246|[from] item: Black Sludge\n|-damage|p2a: Articuno|270/288 tox|[from] psn\n|upkeep\n|turn|13\n|\n|t:|1685468556\n|switch|p2a: Persian|Persian, L88, M|258/258\n|move|p1a: Salazzle|Substitute|p1a: Salazzle\n|-start|p1a: Salazzle|Substitute\n|-damage|p1a: Salazzle|147/246\n|\n|-heal|p1a: Salazzle|162/246|[from] item: Black Sludge\n|upkeep\n|turn|14\n|\n|t:|1685468564\n|move|p2a: Persian|Double-Edge|p1a: Salazzle\n|-end|p1a: Salazzle|Substitute\n|-damage|p2a: Persian|238/258|[from] Recoil|[of] p1a: Salazzle\n|move|p1a: Salazzle|Toxic|p2a: Persian\n|-status|p2a: Persian|tox\n|\n|-heal|p1a: Salazzle|177/246|[from] item: Black Sludge\n|-damage|p2a: Persian|222/258 tox|[from] psn\n|upkeep\n|turn|15\n|\n|t:|1685468574\n|move|p1a: Salazzle|Protect|p1a: Salazzle\n|-singleturn|p1a: Salazzle|Protect\n|move|p2a: Persian|Double-Edge|p1a: Salazzle\n|-activate|p1a: Salazzle|move: Protect\n|\n|-heal|p1a: Salazzle|192/246|[from] item: Black Sludge\n|-damage|p2a: Persian|190/258 tox|[from] psn\n|upkeep\n|turn|16\n|\n|t:|1685468586\n|switch|p2a: Articuno|Articuno, L84|270/288 tox\n|-ability|p2a: Articuno|Pressure\n|switch|p1a: Jynx|Jynx, L86, F|251/251\n|\n|-damage|p2a: Articuno|252/288 tox|[from] psn\n|upkeep\n|turn|17\n|\n|t:|1685468599\n|move|p1a: Jynx|Nasty Plot|p1a: Jynx\n|-boost|p1a: Jynx|spa|2\n|move|p2a: Articuno|Heal Bell|p2a: Articuno\n|-activate|p2a: Articuno|move: Heal Bell\n|-curestatus|p2a: Articuno|tox|[msg]\n|-curestatus|p2: Persian|tox|[msg]\n|\n|upkeep\n|turn|18\n|\n|t:|1685468607\n|move|p1a: Jynx|Psyshock|p2a: Articuno\n|-damage|p2a: Articuno|21/288\n|-damage|p1a: Jynx|226/251|[from] item: Life Orb\n|move|p2a: Articuno|Toxic|p1a: Jynx\n|-status|p1a: Jynx|tox\n|\n|-damage|p1a: Jynx|211/251 tox|[from] psn\n|upkeep\n|turn|19\n|\n|t:|1685468618\n|move|p1a: Jynx|Psyshock|p2a: Articuno\n|-damage|p2a: Articuno|0 fnt\n|faint|p2a: Articuno\n|-damage|p1a: Jynx|186/251 tox|[from] item: Life Orb\n|\n|-damage|p1a: Jynx|156/251 tox|[from] psn\n|upkeep\n|\n|t:|1685468624\n|switch|p2a: Persian|Persian, L88, M|190/258\n|turn|20\n|\n|t:|1685468630\n|move|p2a: Persian|U-turn|p1a: Jynx\n|-supereffective|p1a: Jynx\n|-damage|p1a: Jynx|0 fnt\n|faint|p1a: Jynx\n|\n|t:|1685468635\n|switch|p2a: Ninetales|Ninetales, L82, F|148/254|[from] U-turn\n|-weather|SunnyDay|[from] ability: Drought|[of] p2a: Ninetales\n|\n|-weather|SunnyDay|[upkeep]\n|upkeep\n|\n|t:|1685468642\n|switch|p1a: Sigilyph|Sigilyph, L83, M|255/255\n|turn|21\n|\n|t:|1685468671\n|move|p2a: Ninetales|Fire Blast|p1a: Sigilyph|[miss]\n|-miss|p2a: Ninetales|p1a: Sigilyph\n|move|p1a: Sigilyph|Air Slash|p2a: Ninetales\n|-damage|p2a: Ninetales|45/254\n|\n|-weather|SunnyDay|[upkeep]\n|upkeep\n|turn|22\n|\n|t:|1685468680\n|switch|p2a: Electivire|Electivire, L82, M|257/257\n|move|p1a: Sigilyph|Air Slash|p2a: Electivire\n|-resisted|p2a: Electivire\n|-damage|p2a: Electivire|206/257\n|\n|-weather|SunnyDay|[upkeep]\n|upkeep\n|turn|23\n|\n|t:|1685468698\n|switch|p1a: Marowak|Marowak, L86, M|243/243\n|move|p2a: Electivire|Earthquake|p1a: Marowak\n|-damage|p1a: Marowak|149/243\n|-damage|p2a: Electivire|181/257|[from] item: Life Orb\n|\n|-weather|SunnyDay|[upkeep]\n|upkeep\n|turn|24\n|\n|t:|1685468709\n|move|p2a: Electivire|Earthquake|p1a: Marowak\n|-damage|p1a: Marowak|57/243\n|-damage|p2a: Electivire|156/257|[from] item: Life Orb\n|move|p1a: Marowak|Earthquake|p2a: Electivire\n|-supereffective|p2a: Electivire\n|-damage|p2a: Electivire|0 fnt\n|faint|p2a: Electivire\n|\n|-weather|none\n|upkeep\n|inactive|trying_toget_tough has 120 seconds left.\n|\n|t:|1685468720\n|switch|p2a: Ninetales|Ninetales, L82, F|45/254\n|-weather|SunnyDay|[from] ability: Drought|[of] p2a: Ninetales\n|turn|25\n|\n|t:|1685468725\n|move|p2a: Ninetales|Solar Beam||[still]\n|-prepare|p2a: Ninetales|Solar Beam\n|-anim|p2a: Ninetales|Solar Beam|p1a: Marowak\n|-supereffective|p1a: Marowak\n|-damage|p1a: Marowak|0 fnt\n|faint|p1a: Marowak\n|\n|-weather|SunnyDay|[upkeep]\n|upkeep\n|\n|t:|1685468739\n|switch|p1a: Sigilyph|Sigilyph, L83, M|255/255\n|turn|26\n|\n|t:|1685468747\n|switch|p2a: Mr. Mime|Mr. Mime-Galar, L86, F|226/226\n|move|p1a: Sigilyph|Air Slash|p2a: Mr. Mime\n|-damage|p2a: Mr. Mime|158/226\n|\n|-weather|SunnyDay|[upkeep]\n|upkeep\n|turn|27\n|\n|t:|1685468754\n|switch|p1a: Salazzle|Salazzle, L82, F|192/246\n|move|p2a: Mr. Mime|Freeze-Dry|p1a: Salazzle\n|-resisted|p1a: Salazzle\n|-damage|p1a: Salazzle|147/246\n|\n|-weather|SunnyDay|[upkeep]\n|-heal|p1a: Salazzle|162/246|[from] item: Black Sludge\n|upkeep\n|turn|28\n|inactive|trying_toget_tough has 120 seconds left.\n|\n|t:|1685468784\n|move|p1a: Salazzle|Flamethrower|p2a: Mr. Mime\n|-supereffective|p2a: Mr. Mime\n|-damage|p2a: Mr. Mime|0 fnt\n|faint|p2a: Mr. Mime\n|\n|-weather|SunnyDay|[upkeep]\n|-heal|p1a: Salazzle|177/246|[from] item: Black Sludge\n|upkeep\n|inactive|trying_toget_tough has 120 seconds left.\n|\n|t:|1685468797\n|switch|p2a: Persian|Persian, L88, M|190/258\n|turn|29\n|\n|t:|1685468816\n|move|p2a: Persian|Double-Edge|p1a: Salazzle\n|-damage|p1a: Salazzle|0 fnt\n|faint|p1a: Salazzle\n|-damage|p2a: Persian|132/258|[from] Recoil\n|\n|-weather|none\n|upkeep\n|-message|namdingu forfeited.\n|\n|win|trying_toget_tough\n|raw|namdingu's rating: 1297 &rarr; <strong>1284</strong><br />(-13 for losing)\n|raw|trying_toget_tough's rating: 1470 &rarr; <strong>1481</strong><br />(+11 for winning)\n|l|\u2606namdingu\n", "inputlog": ">version b04b3d7eb02acfee3319999ae188c673d8c969f3\n>start {\"formatid\":\"gen8randombattle\",\"seed\":[62189,36628,52145,3729],\"rated\":\"Rated battle\"}\n>player p1 {\"name\":\"namdingu\",\"avatar\":\"brock\",\"rating\":1297,\"seed\":[52930,24542,14121,15147]}\n>player p2 {\"name\":\"trying_toget_tough\",\"avatar\":\"265\",\"rating\":1470,\"seed\":[21431,4829,34529,10344]}\n>p1 switch 6\n>p2 move honeclaws\n>p1 move swordsdance\n>p2 move outrage\n>p1 move knockoff\n>p2 move outrage\n>p2 switch 5\n>p1 move knockoff\n>p2 move uturn\n>p2 switch 6\n>p1 switch 4\n>p1 move flamethrower dynamax\n>p2 switch 3\n>p1 move flamethrower dynamax\n>p2 move nastyplot dynamax\n>p1 move protect dynamax\n>p2 move scorchingsands dynamax\n>p1 switch 6\n>p2 move scorchingsands dynamax\n>p1 move earthquake\n>p2 move solarbeam\n>p1 switch 2\n>p1 move earthquake\n>p2 switch 3\n>p1 switch 6\n>p2 move toxic\n>p1 move toxic\n>p2 move freezedry\n>p1 move substitute\n>p2 switch 6\n>p1 move toxic\n>p2 move doubleedge\n>p1 move protect\n>p2 move doubleedge\n>p1 switch 5\n>p2 switch 6\n>p1 move nastyplot\n>p2 move healbell\n>p1 move psyshock\n>p2 move toxic\n>p1 move psyshock\n>p2 move roost\n>p2 switch 6\n>p1 move psyshock\n>p2 move uturn\n>p2 switch 3\n>p1 switch 3\n>p1 move airslash\n>p2 move fireblast\n>p1 move airslash\n>p2 switch 4\n>p1 switch 6\n>p2 move earthquake\n>p1 move earthquake\n>p2 move earthquake\n>p2 switch 4\n>p1 move earthquake\n>p2 move solarbeam\n>p1 switch 6\n>p1 move airslash\n>p2 switch 2\n>p1 switch 5\n>p2 move freezedry\n>p1 move flamethrower\n>p2 move psychic\n>p2 switch 3\n>p1 move toxic\n>p2 move doubleedge\n>forcelose p1", "uploadtime": 1685468844, "views": 4, "p1id": "namdingu", "p2id": "tryingtogettough", "formatid": "gen8randombattle", "rating": 1284, "private": 0, "password": ""}