|j|☆miseryx
|j|☆Sauelsuesor
|t:|1685244698
|gametype|singles
|player|p1|miseryx|gamer-gen3|
|player|p2|Sauelsuesor|lance-lgpe|
|teamsize|p1|6
|teamsize|p2|6
|gen|8
|tier|[Gen 8] Random Battle
|rated|Tournament battle
|rule|Species Clause: Limit one of each Pokémon
|rule|HP Percentage Mod: HP is shown in percentages
|rule|Sleep Clause Mod: Limit one foe put to sleep
|
|t:|1685244698
|start
|switch|p1a: Cryogonal|Cryogonal, L86|278/278
|switch|p2a: Ninetales|Ninetales, L82, F|254/254
|-weather|SunnyDay|[from] ability: Drought|[of] p2a: Ninetales
|turn|1
|inactive|Battle timer is ON: inactive players will automatically lose when time's up. (requested by Sauelsuesor)
|c|☆miseryx|this is a lead matchup and a half
|c|☆Sauelsuesor|sorry
|
|t:|1685244720
|switch|p1a: Suicune|Suicune, L80|291/291
|-ability|p1a: Suicune|Pressure
|move|p2a: Ninetales|Nasty Plot|p2a: Ninetales
|-boost|p2a: Ninetales|spa|2
|
|-weather|SunnyDay|[upkeep]
|upkeep
|turn|2
|j| Dodger01
|
|t:|1685244729
|switch|p1a: Buzzwole|Buzzwole, L77|291/291
|move|p2a: Ninetales|Solar Beam||[still]
|-prepare|p2a: Ninetales|Solar Beam
|-anim|p2a: Ninetales|Solar Beam|p1a: Buzzwole
|-resisted|p1a: Buzzwole
|-damage|p1a: Buzzwole|190/291
|
|-weather|SunnyDay|[upkeep]
|upkeep
|turn|3
|
|t:|1685244737
|move|p1a: Buzzwole|Stone Edge|p2a: Ninetales|[miss]
|-miss|p1a: Buzzwole|p2a: Ninetales
|move|p2a: Ninetales|Scorching Sands|p1a: Buzzwole
|-resisted|p1a: Buzzwole
|-damage|p1a: Buzzwole|128/291
|-status|p1a: Buzzwole|brn
|
|-weather|SunnyDay|[upkeep]
|-damage|p1a: Buzzwole|110/291 brn|[from] brn
|upkeep
|turn|4
|c|☆miseryx|brooooooooooooooooooooooooooooooooooooooooooooooooo
|
|t:|1685244744
|move|p1a: Buzzwole|Stone Edge|p2a: Ninetales
|-supereffective|p2a: Ninetales
|-damage|p2a: Ninetales|166/254
|move|p2a: Ninetales|Fire Blast|p1a: Buzzwole|[miss]
|-miss|p2a: Ninetales|p1a: Buzzwole
|
|-weather|SunnyDay|[upkeep]
|-damage|p1a: Buzzwole|92/291 brn|[from] brn
|upkeep
|turn|5
|
|t:|1685244750
|move|p1a: Buzzwole|Stone Edge|p2a: Ninetales
|-supereffective|p2a: Ninetales
|-damage|p2a: Ninetales|73/254
|move|p2a: Ninetales|Fire Blast|p1a: Buzzwole|[miss]
|-miss|p2a: Ninetales|p1a: Buzzwole
|
|-weather|none
|-damage|p1a: Buzzwole|74/291 brn|[from] brn
|upkeep
|turn|6
|c|☆miseryx|maybe tho
|
|t:|1685244757
|move|p1a: Buzzwole|Stone Edge|p2a: Ninetales
|-supereffective|p2a: Ninetales
|-damage|p2a: Ninetales|0 fnt
|faint|p2a: Ninetales
|-ability|p1a: Buzzwole|Beast Boost|boost
|-boost|p1a: Buzzwole|atk|1
|
|-damage|p1a: Buzzwole|56/291 brn|[from] brn
|upkeep
|c|☆Sauelsuesor|death by pebble tickle
|c|☆miseryx|yay I lost my scarfer lol
|
|t:|1685244780
|switch|p2a: Manectric|Manectric, L86, M|261/261
|turn|7
|
|t:|1685244789
|move|p2a: Manectric|Volt Switch|p1a: Buzzwole
|-damage|p1a: Buzzwole|0 fnt
|faint|p1a: Buzzwole
|inactive|Sauelsuesor has 120 seconds left.
|
|t:|1685244834
|switch|p2a: Ribombee|Ribombee, L82, F|233/233|[from] Volt Switch
|
|upkeep
|
|t:|1685244852
|switch|p1a: Torkoal|Torkoal, L86, M|261/261
|-weather|SunnyDay|[from] ability: Drought|[of] p1a: Torkoal
|turn|8
|
|t:|1685244856
|move|p2a: Ribombee|Sticky Web|p1a: Torkoal
|-sidestart|p1: miseryx|move: Sticky Web
|move|p1a: Torkoal|Stealth Rock|p2a: Ribombee
|-sidestart|p2: Sauelsuesor|move: Stealth Rock
|
|-weather|SunnyDay|[upkeep]
|upkeep
|turn|9
|
|t:|1685244860
|move|p2a: Ribombee|Stun Spore|p1a: Torkoal
|-status|p1a: Torkoal|par
|move|p1a: Torkoal|Lava Plume|p2a: Ribombee
|-supereffective|p2a: Ribombee
|-damage|p2a: Ribombee|0 fnt
|faint|p2a: Ribombee
|
|-weather|SunnyDay|[upkeep]
|upkeep
|
|t:|1685244868
|switch|p2a: Keldeo|Keldeo-Resolute, L79|273/273
|-damage|p2a: Keldeo|256/273|[from] Stealth Rock
|turn|10
|
|t:|1685244872
|move|p2a: Keldeo|Calm Mind|p2a: Keldeo
|-boost|p2a: Keldeo|spa|1
|-boost|p2a: Keldeo|spd|1
|move|p1a: Torkoal|Solar Beam||[still]
|-prepare|p1a: Torkoal|Solar Beam
|-anim|p1a: Torkoal|Solar Beam|p2a: Keldeo
|-supereffective|p2a: Keldeo
|-damage|p2a: Keldeo|136/273
|
|-weather|SunnyDay|[upkeep]
|upkeep
|turn|11
|
|t:|1685244881
|move|p2a: Keldeo|Scald|p1a: Torkoal
|-supereffective|p1a: Torkoal
|-crit|p1a: Torkoal
|-damage|p1a: Torkoal|0 fnt
|faint|p1a: Torkoal
|-damage|p2a: Keldeo|109/273|[from] item: Life Orb
|
|-weather|SunnyDay|[upkeep]
|upkeep
|
|t:|1685244885
|switch|p1a: Cryogonal|Cryogonal, L86|278/278
|turn|12
|
|t:|1685244906
|move|p1a: Cryogonal|Rapid Spin|p2a: Keldeo
|-damage|p2a: Keldeo|83/273
|-boost|p1a: Cryogonal|spe|1
|-sideend|p1: miseryx|Sticky Web|[from] move: Rapid Spin|[of] p1a: Cryogonal
|move|p2a: Keldeo|Secret Sword|p1a: Cryogonal
|-supereffective|p1a: Cryogonal
|-damage|p1a: Cryogonal|0 fnt
|faint|p1a: Cryogonal
|-damage|p2a: Keldeo|56/273|[from] item: Life Orb
|
|-weather|none
|upkeep
|
|t:|1685244916
|switch|p1a: Krookodile|Krookodile, L78, M|276/276
|turn|13
|
|t:|1685244926
|move|p1a: Krookodile|Earthquake|p2a: Keldeo
|-damage|p2a: Keldeo|0 fnt
|faint|p2a: Keldeo
|-ability|p1a: Krookodile|Moxie|boost
|-boost|p1a: Krookodile|atk|1
|
|upkeep
|
|t:|1685244932
|switch|p2a: Wailord|Wailord, L90, M|452/452
|-damage|p2a: Wailord|396/452|[from] Stealth Rock
|turn|14
|
|t:|1685244945
|-start|p1a: Krookodile|Dynamax|
|-heal|p1a: Krookodile|552/552|[silent]
|move|p1a: Krookodile|Max Knuckle|p2a: Wailord
|-damage|p2a: Wailord|255/452
|-boost|p1a: Krookodile|atk|1
|move|p2a: Wailord|Hydro Pump|p1a: Krookodile
|-supereffective|p1a: Krookodile
|-damage|p1a: Krookodile|40/552
|
|upkeep
|turn|15
|
|t:|1685244957
|move|p1a: Krookodile|Max Quake|p2a: Wailord
|-damage|p2a: Wailord|0 fnt
|-boost|p1a: Krookodile|spd|1
|faint|p2a: Wailord
|-ability|p1a: Krookodile|Moxie|boost
|-boost|p1a: Krookodile|atk|1
|
|upkeep
|c|☆miseryx|uh oh
|
|t:|1685244985
|switch|p2a: Manectric|Manectric, L86, M|261/261
|-damage|p2a: Manectric|229/261|[from] Stealth Rock
|turn|16
|
|t:|1685244994
|-end|p1a: Krookodile|Dynamax
|-heal|p1a: Krookodile|20/276|[silent]
|switch|p1a: Gyarados|Gyarados, L76, F|269/269
|-start|p2a: Manectric|Dynamax|
|-heal|p2a: Manectric|458/522|[silent]
|move|p2a: Manectric|Max Flare|p1a: Gyarados
|-resisted|p1a: Gyarados
|-damage|p1a: Gyarados|218/269
|-weather|SunnyDay
|
|-weather|SunnyDay|[upkeep]
|upkeep
|turn|17
|
|t:|1685245006
|switch|p1a: Krookodile|Krookodile, L78, M|20/276
|move|p2a: Manectric|Max Lightning|p1a: Krookodile
|-immune|p1a: Krookodile
|
|-weather|SunnyDay|[upkeep]
|upkeep
|turn|18
|
|t:|1685245011
|move|p1a: Krookodile|Earthquake|p2a: Manectric
|-supereffective|p2a: Manectric
|-damage|p2a: Manectric|164/522
|move|p2a: Manectric|Max Flare|p1a: Krookodile
|-damage|p1a: Krookodile|0 fnt
|faint|p1a: Krookodile
|
|-weather|SunnyDay|[upkeep]
|upkeep
|
|t:|1685245018
|switch|p1a: Suicune|Suicune, L80|291/291
|-ability|p1a: Suicune|Pressure
|-end|p2a: Manectric|Dynamax
|-heal|p2a: Manectric|82/261|[silent]
|turn|19
|
|t:|1685245026
|move|p2a: Manectric|Thunderbolt|p1a: Suicune
|-supereffective|p1a: Suicune
|-damage|p1a: Suicune|111/291
|move|p1a: Suicune|Calm Mind|p1a: Suicune
|-boost|p1a: Suicune|spa|1
|-boost|p1a: Suicune|spd|1
|
|-weather|SunnyDay|[upkeep]
|-heal|p1a: Suicune|129/291|[from] item: Leftovers
|upkeep
|turn|20
|c|☆Sauelsuesor|thats unfortunate
|
|t:|1685245038
|move|p2a: Manectric|Thunderbolt|p1a: Suicune
|-supereffective|p1a: Suicune
|-damage|p1a: Suicune|7/291
|move|p1a: Suicune|Rest|p1a: Suicune
|-status|p1a: Suicune|slp|[from] move: Rest
|-heal|p1a: Suicune|291/291 slp|[silent]
|
|-weather|none
|upkeep
|turn|21
|
|t:|1685245042
|move|p2a: Manectric|Thunderbolt|p1a: Suicune
|-supereffective|p1a: Suicune
|-damage|p1a: Suicune|159/291 slp
|cant|p1a: Suicune|slp
|move|p1a: Suicune|Sleep Talk|p1a: Suicune
|move|p1a: Suicune|Scald|p2a: Manectric|[from]move: Sleep Talk
|-damage|p2a: Manectric|0 fnt
|faint|p2a: Manectric
|
|-heal|p1a: Suicune|177/291 slp|[from] item: Leftovers
|upkeep
|
|t:|1685245044
|switch|p2a: Talonflame|Talonflame, L81, F|259/259
|turn|22
|
|t:|1685245054
|move|p2a: Talonflame|Swords Dance|p2a: Talonflame
|-boost|p2a: Talonflame|atk|2
|cant|p1a: Suicune|slp
|move|p1a: Suicune|Sleep Talk|p1a: Suicune
|move|p1a: Suicune|Rest||[from]move: Sleep Talk|[still]
|-fail|p1a: Suicune
|
|-heal|p1a: Suicune|195/291 slp|[from] item: Leftovers
|upkeep
|turn|23
|
|t:|1685245068
|move|p2a: Talonflame|Brave Bird|p1a: Suicune
|-damage|p1a: Suicune|8/291 slp
|-damage|p2a: Talonflame|197/259|[from] Recoil
|-curestatus|p1a: Suicune|slp|[msg]
|move|p1a: Suicune|Scald|p2a: Talonflame
|-supereffective|p2a: Talonflame
|-damage|p2a: Talonflame|0 fnt
|faint|p2a: Talonflame
|
|win|miseryx
|n|☆miseryx|miseryx
|n|☆Sauelsuesor|sauelsuesor
|n| Dodger01|dodger01
|l|☆Sauelsuesor
|c|☆miseryx|gg
|l|☆miseryx
