|j|☆atrjhryjfszdh
|j|☆MyPasswordIsPeePee
|t:|1685287796
|gametype|singles
|player|p1|atrjhryjfszdh|169|1337
|player|p2|MyPasswordIsPeePee|2|1566
|teamsize|p1|6
|teamsize|p2|6
|gen|8
|tier|[Gen 8] Random Battle
|rated|
|rule|Species Clause: Limit one of each Pokémon
|rule|HP Percentage Mod: HP is shown in percentages
|rule|Sleep Clause Mod: Limit one foe put to sleep
|
|t:|1685287796
|start
|switch|p1a: Necrozma|Necrozma-Dusk-Mane, L67|241/241
|switch|p2a: Spiritomb|Spiritomb, L88, F|231/231
|turn|1
|
|t:|1685287811
|switch|p1a: Azumarill|Azumarill, L84, M|305/305
|move|p2a: Spiritomb|Poltergeist|p1a: Azumarill|[miss]
|-miss|p2a: Spiritomb|p1a: Azumarill
|
|upkeep
|turn|2
|
|t:|1685287818
|switch|p2a: Solgaleo|Solgaleo, L72|316/316
|move|p1a: Azumarill|Play Rough|p2a: Solgaleo
|-resisted|p2a: Solgaleo
|-damage|p2a: Solgaleo|235/316
|
|upkeep
|turn|3
|inactive|Battle timer is ON: inactive players will automatically lose when time's up. (requested by atrjhryjfszdh)
|
|t:|1685287828
|switch|p1a: Scrafty|Scrafty, L82, F|241/241
|-ability|p1a: Scrafty|Intimidate|boost
|-fail|p2a: Solgaleo|unboost|[from] ability: Full Metal Body|[of] p2a: Solgaleo
|move|p2a: Solgaleo|Knock Off|p1a: Scrafty
|-resisted|p1a: Scrafty
|-damage|p1a: Scrafty|227/241
|-enditem|p1a: Scrafty|Lum Berry|[from] move: Knock Off|[of] p2a: Solgaleo
|
|upkeep
|turn|4
|
|t:|1685287834
|switch|p2a: Toxicroak|Toxicroak, L84, M|277/277
|move|p1a: Scrafty|Knock Off|p2a: Toxicroak
|-resisted|p2a: Toxicroak
|-damage|p2a: Toxicroak|218/277
|-enditem|p2a: Toxicroak|Life Orb|[from] move: Knock Off|[of] p1a: Scrafty
|
|upkeep
|turn|5
|
|t:|1685287848
|switch|p1a: Necrozma|Necrozma-Dusk-Mane, L67|241/241
|move|p2a: Toxicroak|Swords Dance|p2a: Toxicroak
|-boost|p2a: Toxicroak|atk|2
|
|upkeep
|turn|6
|
|t:|1685287854
|move|p2a: Toxicroak|Knock Off|p1a: Necrozma
|-supereffective|p1a: Necrozma
|-damage|p1a: Necrozma|42/241
|-enditem|p1a: Necrozma|Weakness Policy
|-boost|p1a: Necrozma|atk|2|[from] item: Weakness Policy
|-boost|p1a: Necrozma|spa|2|[from] item: Weakness Policy
|move|p1a: Necrozma|Earthquake|p2a: Toxicroak
|-supereffective|p2a: Toxicroak
|-damage|p2a: Toxicroak|0 fnt
|faint|p2a: Toxicroak
|
|upkeep
|inactive|MyPasswordIsPeePee has 120 seconds left.
|
|t:|1685287891
|switch|p2a: Gengar|Gengar, L80, F|227/227
|turn|7
|
|t:|1685287899
|move|p2a: Gengar|Shadow Ball|p1a: Necrozma
|-supereffective|p1a: Necrozma
|-damage|p1a: Necrozma|0 fnt
|faint|p1a: Necrozma
|-damage|p2a: Gengar|205/227|[from] item: Life Orb
|
|upkeep
|
|t:|1685287910
|switch|p1a: Kyurem|Kyurem, L80|331/331
|-ability|p1a: Kyurem|Pressure
|turn|8
|
|t:|1685287917
|move|p2a: Gengar|Focus Blast|p1a: Kyurem
|-supereffective|p1a: Kyurem
|-damage|p1a: Kyurem|61/331
|-damage|p2a: Gengar|183/227|[from] item: Life Orb
|move|p1a: Kyurem|Earth Power|p2a: Gengar
|-supereffective|p2a: Gengar
|-damage|p2a: Gengar|0 fnt
|faint|p2a: Gengar
|
|upkeep
|
|t:|1685287923
|switch|p2a: Solgaleo|Solgaleo, L72|235/316
|turn|9
|
|t:|1685287929
|move|p2a: Solgaleo|Sunsteel Strike|p1a: Kyurem
|-supereffective|p1a: Kyurem
|-damage|p1a: Kyurem|0 fnt
|faint|p1a: Kyurem
|
|upkeep
|
|t:|1685287935
|switch|p1a: Magnezone|Magnezone, L84|255/255
|turn|10
|
|t:|1685287940
|-start|p2a: Solgaleo|Dynamax|
|-heal|p2a: Solgaleo|470/632|[silent]
|move|p2a: Solgaleo|Max Flare|p1a: Magnezone
|-supereffective|p1a: Magnezone
|-damage|p1a: Magnezone|103/255
|-weather|SunnyDay
|move|p1a: Magnezone|Thunderbolt|p2a: Solgaleo
|-damage|p2a: Solgaleo|329/632
|
|-weather|SunnyDay|[upkeep]
|upkeep
|turn|11
|
|t:|1685287956
|switch|p1a: Azumarill|Azumarill, L84, M|305/305
|move|p2a: Solgaleo|Max Steelspike|p1a: Azumarill
|-damage|p1a: Azumarill|151/305
|-boost|p2a: Solgaleo|def|1
|
|-weather|SunnyDay|[upkeep]
|upkeep
|turn|12
|
|t:|1685287967
|switch|p1a: Magnezone|Magnezone, L84|103/255
|move|p2a: Solgaleo|Max Flare|p1a: Magnezone
|-supereffective|p1a: Magnezone
|-damage|p1a: Magnezone|0 fnt
|faint|p1a: Magnezone
|
|-weather|SunnyDay|[upkeep]
|upkeep
|c|☆MyPasswordIsPeePee|:)
|
|t:|1685287977
|switch|p1a: Toxicroak|Toxicroak, L84, M|277/277
|-end|p2a: Solgaleo|Dynamax
|-heal|p2a: Solgaleo|165/316|[silent]
|turn|13
|
|t:|1685287984
|move|p2a: Solgaleo|Sunsteel Strike|p1a: Toxicroak
|-damage|p1a: Toxicroak|156/277
|move|p1a: Toxicroak|Knock Off|p2a: Solgaleo
|-supereffective|p2a: Solgaleo
|-damage|p2a: Solgaleo|35/316
|-enditem|p2a: Solgaleo|Choice Scarf|[from] move: Knock Off|[of] p1a: Toxicroak
|-damage|p1a: Toxicroak|129/277|[from] item: Life Orb
|
|-weather|SunnyDay|[upkeep]
|-damage|p1a: Toxicroak|95/277|[from] ability: Dry Skin|[of] p1a: Toxicroak
|upkeep
|turn|14
|
|t:|1685288004
|move|p1a: Toxicroak|Drain Punch|p2a: Solgaleo
|-damage|p2a: Solgaleo|0 fnt
|-heal|p1a: Toxicroak|113/277|[from] drain|[of] p2a: Solgaleo
|faint|p2a: Solgaleo
|-damage|p1a: Toxicroak|86/277|[from] item: Life Orb
|
|-weather|none
|upkeep
|
|t:|1685288011
|switch|p2a: Porygon2|Porygon2, L82|274/274
|-ability|p2a: Porygon2|Dry Skin|[from] ability: Trace|[of] p1a: Toxicroak
|turn|15
|
|t:|1685288016
|switch|p2a: Spiritomb|Spiritomb, L88, F|231/231
|move|p1a: Toxicroak|Drain Punch|p2a: Spiritomb
|-immune|p2a: Spiritomb
|
|upkeep
|turn|16
|
|t:|1685288029
|switch|p1a: Scrafty|Scrafty, L82, F|227/241
|-ability|p1a: Scrafty|Intimidate|boost
|-unboost|p2a: Spiritomb|atk|1
|switch|p2a: Mr. Rime|Mr. Rime, L86, M|278/278
|
|upkeep
|turn|17
|
|t:|1685288033
|move|p2a: Mr. Rime|Focus Blast|p1a: Scrafty
|-supereffective|p1a: Scrafty
|-damage|p1a: Scrafty|63/241
|move|p1a: Scrafty|Knock Off|p2a: Mr. Rime
|-supereffective|p2a: Mr. Rime
|-damage|p2a: Mr. Rime|92/278
|-enditem|p2a: Mr. Rime|Heavy-Duty Boots|[from] move: Knock Off|[of] p1a: Scrafty
|
|upkeep
|turn|18
|
|t:|1685288040
|move|p2a: Mr. Rime|Freeze-Dry|p1a: Scrafty
|-damage|p1a: Scrafty|0 fnt
|faint|p1a: Scrafty
|
|upkeep
|
|t:|1685288045
|switch|p1a: Toxicroak|Toxicroak, L84, M|86/277
|turn|19
|
|t:|1685288053
|move|p1a: Toxicroak|Knock Off|p2a: Mr. Rime
|-supereffective|p2a: Mr. Rime
|-damage|p2a: Mr. Rime|0 fnt
|faint|p2a: Mr. Rime
|-damage|p1a: Toxicroak|59/277|[from] item: Life Orb
|
|upkeep
|
|t:|1685288058
|switch|p2a: Spiritomb|Spiritomb, L88, F|231/231
|turn|20
|
|t:|1685288063
|move|p1a: Toxicroak|Gunk Shot|p2a: Spiritomb
|-resisted|p2a: Spiritomb
|-damage|p2a: Spiritomb|153/231
|-status|p2a: Spiritomb|psn
|-damage|p1a: Toxicroak|32/277|[from] item: Life Orb
|move|p2a: Spiritomb|Poltergeist|p1a: Toxicroak
|-activate|p1a: Toxicroak|move: Poltergeist|Life Orb
|-damage|p1a: Toxicroak|0 fnt
|faint|p1a: Toxicroak
|
|-damage|p2a: Spiritomb|125/231 psn|[from] psn
|upkeep
|
|t:|1685288067
|switch|p1a: Azumarill|Azumarill, L84, M|151/305
|turn|21
|
|t:|1685288071
|-start|p1a: Azumarill|Dynamax|
|-heal|p1a: Azumarill|302/610|[silent]
|move|p1a: Azumarill|Max Starfall|p2a: Spiritomb
|-supereffective|p2a: Spiritomb
|-damage|p2a: Spiritomb|0 fnt
|-fieldstart|move: Misty Terrain
|faint|p2a: Spiritomb
|
|upkeep
|
|t:|1685288074
|switch|p2a: Porygon2|Porygon2, L82|274/274
|-ability|p2a: Porygon2|Huge Power|[from] ability: Trace|[of] p1a: Azumarill
|turn|22
|
|t:|1685288077
|move|p2a: Porygon2|Discharge|p1a: Azumarill
|-supereffective|p1a: Azumarill
|-damage|p1a: Azumarill|172/610
|move|p1a: Azumarill|Max Geyser|p2a: Porygon2
|-damage|p2a: Porygon2|157/274
|-weather|RainDance
|
|-weather|RainDance|[upkeep]
|upkeep
|turn|23
|
|t:|1685288088
|move|p2a: Porygon2|Recover|p2a: Porygon2
|-heal|p2a: Porygon2|274/274
|move|p1a: Azumarill|Max Geyser|p2a: Porygon2
|-damage|p2a: Porygon2|114/274
|
|-weather|RainDance|[upkeep]
|upkeep
|-end|p1a: Azumarill|Dynamax
|-heal|p1a: Azumarill|86/305|[silent]
|turn|24
|
|t:|1685288095
|move|p2a: Porygon2|Recover|p2a: Porygon2
|-heal|p2a: Porygon2|251/274
|move|p1a: Azumarill|Liquidation|p2a: Porygon2
|-damage|p2a: Porygon2|70/274
|
|-weather|RainDance|[upkeep]
|upkeep
|turn|25
|
|t:|1685288097
|move|p2a: Porygon2|Discharge|p1a: Azumarill
|-supereffective|p1a: Azumarill
|-damage|p1a: Azumarill|0 fnt
|faint|p1a: Azumarill
|
|win|MyPasswordIsPeePee
|raw|atrjhryjfszdh's rating: 1337 &rarr; <strong>1329</strong><br />(-8 for losing)
|raw|MyPasswordIsPeePee's rating: 1566 &rarr; <strong>1574</strong><br />(+8 for winning)
|l|☆atrjhryjfszdh
|c|☆MyPasswordIsPeePee|Ggs
