|j|☆Splash Splasher
|j|☆FreeYeezy69
|t:|1684284537
|gametype|singles
|player|p1|Splash Splasher|169|1368
|player|p2|FreeYeezy69|clay|1337
|teamsize|p1|6
|teamsize|p2|6
|gen|8
|tier|[Gen 8] Random Battle
|rated|
|rule|Species Clause: Limit one of each Pokémon
|rule|HP Percentage Mod: HP is shown in percentages
|rule|Sleep Clause Mod: Limit one foe put to sleep
|
|t:|1684284537
|start
|switch|p1a: Volcanion|Volcanion, L80|259/259
|switch|p2a: Cursola|Cursola, L86, M|243/243
|turn|1
|inactive|Battle timer is ON: inactive players will automatically lose when time's up. (requested by Splash Splasher)
|
|t:|1684284548
|move|p1a: Volcanion|Steam Eruption|p2a: Cursola
|-damage|p2a: Cursola|101/243
|move|p2a: Cursola|Stealth Rock|p1a: Volcanion
|-sidestart|p1: Splash Splasher|move: Stealth Rock
|
|-heal|p2a: Cursola|116/243|[from] item: Leftovers
|upkeep
|turn|2
|inactive|FreeYeezy69 has 120 seconds left.
|
|t:|1684284593
|switch|p2a: Porygon2|Porygon2, L82|274/274
|-ability|p2a: Porygon2|Water Absorb|[from] ability: Trace|[of] p1a: Volcanion
|move|p1a: Volcanion|Steam Eruption|p2a: Porygon2
|-immune|p2a: Porygon2|[from] ability: Water Absorb
|
|upkeep
|turn|3
|c|☆Splash Splasher|big brain play
|c|☆FreeYeezy69|:)
|
|t:|1684284612
|switch|p1a: Venusaur|Venusaur, L82, F|265/265
|-damage|p1a: Venusaur|232/265|[from] Stealth Rock
|move|p2a: Porygon2|Discharge|p1a: Venusaur
|-resisted|p1a: Venusaur
|-damage|p1a: Venusaur|206/265
|
|-heal|p1a: Venusaur|222/265|[from] item: Black Sludge
|upkeep
|turn|4
|
|t:|1684284625
|switch|p2a: Sandslash|Sandslash-Alola, L86, M|269/269
|move|p1a: Venusaur|Leech Seed|p2a: Sandslash
|-start|p2a: Sandslash|move: Leech Seed
|
|-heal|p1a: Venusaur|238/265|[from] item: Black Sludge
|-damage|p2a: Sandslash|236/269|[from] Leech Seed|[of] p1a: Venusaur
|-heal|p1a: Venusaur|265/265|[silent]
|upkeep
|turn|5
|
|t:|1684284642
|switch|p1a: Kingler|Kingler, L84, F|230/230
|-damage|p1a: Kingler|202/230|[from] Stealth Rock
|move|p2a: Sandslash|Knock Off|p1a: Kingler
|-damage|p1a: Kingler|139/230
|-enditem|p1a: Kingler|Life Orb|[from] move: Knock Off|[of] p2a: Sandslash
|
|-damage|p2a: Sandslash|203/269|[from] Leech Seed|[of] p1a: Kingler
|-heal|p1a: Kingler|172/230|[silent]
|upkeep
|turn|6
|inactive|FreeYeezy69 has 90 seconds left.
|inactive|FreeYeezy69 has 60 seconds left.
|
|t:|1684284715
|switch|p2a: Porygon2|Porygon2, L82|274/274
|-ability|p2a: Porygon2|Sheer Force|[from] ability: Trace|[of] p1a: Kingler
|move|p1a: Kingler|Liquidation|p2a: Porygon2
|-damage|p2a: Porygon2|169/274
|
|upkeep
|turn|7
|inactive|FreeYeezy69 has 30 seconds left.
|
|t:|1684284742
|move|p1a: Kingler|Swords Dance|p1a: Kingler
|-boost|p1a: Kingler|atk|2
|move|p2a: Porygon2|Discharge|p1a: Kingler
|-supereffective|p1a: Kingler
|-damage|p1a: Kingler|0 fnt
|faint|p1a: Kingler
|
|upkeep
|inactive|FreeYeezy69 has 30 seconds left this turn.
|
|t:|1684284750
|switch|p1a: Marshadow|Marshadow, L70|242/242
|-damage|p1a: Marshadow|227/242|[from] Stealth Rock
|turn|8
|
|t:|1684284758
|move|p1a: Marshadow|Close Combat|p2a: Porygon2
|-supereffective|p2a: Porygon2
|-damage|p2a: Porygon2|0 fnt
|-unboost|p1a: Marshadow|def|1
|-unboost|p1a: Marshadow|spd|1
|faint|p2a: Porygon2
|
|upkeep
|inactive|FreeYeezy69 has 30 seconds left.
|
|t:|1684284772
|switch|p2a: Grimmsnarl|Grimmsnarl, L82, M|290/290
|turn|9
|inactive|FreeYeezy69 has 30 seconds left.
|
|t:|1684284786
|move|p2a: Grimmsnarl|Bulk Up|p2a: Grimmsnarl
|-boost|p2a: Grimmsnarl|atk|1
|-boost|p2a: Grimmsnarl|def|1
|move|p1a: Marshadow|Close Combat|p2a: Grimmsnarl
|-damage|p2a: Grimmsnarl|140/290
|-unboost|p1a: Marshadow|def|1
|-unboost|p1a: Marshadow|spd|1
|
|upkeep
|turn|10
|inactive|FreeYeezy69 has 30 seconds left.
|inactive|FreeYeezy69 has 20 seconds left.
|inactive|FreeYeezy69 has 15 seconds left.
|
|t:|1684284815
|switch|p1a: Venusaur|Venusaur, L82, F|265/265
|-damage|p1a: Venusaur|232/265|[from] Stealth Rock
|move|p2a: Grimmsnarl|Rest|p2a: Grimmsnarl
|-status|p2a: Grimmsnarl|slp|[from] move: Rest
|-heal|p2a: Grimmsnarl|290/290 slp|[silent]
|-enditem|p2a: Grimmsnarl|Chesto Berry|[eat]
|-curestatus|p2a: Grimmsnarl|slp|[msg]
|
|-heal|p1a: Venusaur|248/265|[from] item: Black Sludge
|upkeep
|turn|11
|inactive|FreeYeezy69 has 25 seconds left this turn.
|inactive|FreeYeezy69 has 20 seconds left.
|inactive|FreeYeezy69 has 15 seconds left.
|
|t:|1684284826
|switch|p2a: Sandslash|Sandslash-Alola, L86, M|203/269
|move|p1a: Venusaur|Sludge Bomb|p2a: Sandslash
|-immune|p2a: Sandslash
|
|-heal|p1a: Venusaur|264/265|[from] item: Black Sludge
|upkeep
|turn|12
|inactive|FreeYeezy69 has 25 seconds left this turn.
|inactive|FreeYeezy69 has 20 seconds left.
|
|t:|1684284834
|move|p1a: Venusaur|Leech Seed|p2a: Sandslash
|-start|p2a: Sandslash|move: Leech Seed
|move|p2a: Sandslash|Triple Axel|p1a: Venusaur
|-supereffective|p1a: Venusaur
|-damage|p1a: Venusaur|216/265
|-supereffective|p1a: Venusaur
|-damage|p1a: Venusaur|112/265
|-hitcount|p1a: Venusaur|2
|
|-heal|p1a: Venusaur|128/265|[from] item: Black Sludge
|-damage|p2a: Sandslash|170/269|[from] Leech Seed|[of] p1a: Venusaur
|-heal|p1a: Venusaur|161/265|[silent]
|upkeep
|turn|13
|inactive|FreeYeezy69 has 30 seconds left this turn.
|inactive|FreeYeezy69 has 20 seconds left.
|inactive|FreeYeezy69 has 15 seconds left.
|c|☆FreeYeezy69|so much for 'triple' axel
|inactive|FreeYeezy69 has 10 seconds left.
|c|☆Splash Splasher|zd
|c|☆Splash Splasher|xd
|
|t:|1684284863
|switch|p1a: Volcanion|Volcanion, L80|259/259
|-damage|p1a: Volcanion|195/259|[from] Stealth Rock
|move|p2a: Sandslash|Triple Axel|p1a: Volcanion
|-resisted|p1a: Volcanion
|-damage|p1a: Volcanion|190/259
|-resisted|p1a: Volcanion
|-damage|p1a: Volcanion|181/259
|-hitcount|p1a: Volcanion|2
|
|-damage|p2a: Sandslash|137/269|[from] Leech Seed|[of] p1a: Volcanion
|-heal|p1a: Volcanion|214/259|[silent]
|upkeep
|turn|14
|inactive|FreeYeezy69 has 20 seconds left this turn.
|inactive|FreeYeezy69 has 15 seconds left.
|inactive|FreeYeezy69 has 10 seconds left.
|inactive|FreeYeezy69 has 5 seconds left.
|
|t:|1684284878
|switch|p2a: Gurdurr|Gurdurr, L83, F|277/277
|move|p1a: Volcanion|Steam Eruption|p2a: Gurdurr
|-crit|p2a: Gurdurr
|-damage|p2a: Gurdurr|0 fnt
|faint|p2a: Gurdurr
|
|upkeep
|inactive|FreeYeezy69 has 10 seconds left this turn.
|inactive|FreeYeezy69 has 5 seconds left.
|-message|FreeYeezy69 lost due to inactivity.
|
|win|Splash Splasher
|raw|Splash Splasher's rating: 1368 &rarr; <strong>1386</strong><br />(+18 for winning)
|raw|FreeYeezy69's rating: 1337 &rarr; <strong>1319</strong><br />(-18 for losing)
|l|☆Splash Splasher
|c|☆FreeYeezy69|oh
