|j|☆juansban
|j|☆GASTINREX
|t:|1685240910
|gametype|singles
|player|p1|juansban|shadowtriad|
|player|p2|GASTINREX|emmet|
|teamsize|p1|6
|teamsize|p2|6
|gen|8
|tier|[Gen 8] Random Battle
|rule|Species Clause: Limit one of each Pokémon
|rule|HP Percentage Mod: HP is shown in percentages
|rule|Sleep Clause Mod: Limit one foe put to sleep
|
|t:|1685240910
|start
|switch|p1a: Togedemaru|Togedemaru, L86, F|252/252
|switch|p2a: Avalugg|Avalugg, L86, F|303/303
|turn|1
|
|t:|1685240930
|move|p1a: Togedemaru|Iron Head|p2a: Avalugg
|-supereffective|p2a: Avalugg
|-crit|p2a: Avalugg
|-damage|p2a: Avalugg|151/303
|move|p2a: Avalugg|Body Press|p1a: Togedemaru
|-supereffective|p1a: Togedemaru
|-damage|p1a: Togedemaru|18/252
|
|-heal|p2a: Avalugg|169/303|[from] item: Leftovers
|upkeep
|turn|2
|
|t:|1685240934
|move|p1a: Togedemaru|Iron Head|p2a: Avalugg
|-supereffective|p2a: Avalugg
|-damage|p2a: Avalugg|65/303
|cant|p2a: Avalugg|flinch
|
|-heal|p2a: Avalugg|83/303|[from] item: Leftovers
|upkeep
|turn|3
|
|t:|1685240940
|move|p1a: Togedemaru|Iron Head|p2a: Avalugg
|-supereffective|p2a: Avalugg
|-damage|p2a: Avalugg|0 fnt
|faint|p2a: Avalugg
|
|upkeep
|
|t:|1685240959
|switch|p2a: Gurdurr|Gurdurr, L83, F|277/277
|turn|4
|
|t:|1685240973
|move|p2a: Gurdurr|Mach Punch|p1a: Togedemaru
|-supereffective|p1a: Togedemaru
|-damage|p1a: Togedemaru|0 fnt
|faint|p1a: Togedemaru
|
|upkeep
|
|t:|1685240982
|switch|p1a: Trevenant|Trevenant, L86, F|286/286
|turn|5
|
|t:|1685240993
|move|p1a: Trevenant|Poltergeist|p2a: Gurdurr
|-activate|p2a: Gurdurr|move: Poltergeist|Eviolite
|-damage|p2a: Gurdurr|133/277
|move|p2a: Gurdurr|Knock Off|p1a: Trevenant
|-supereffective|p1a: Trevenant
|-damage|p1a: Trevenant|138/286
|-enditem|p1a: Trevenant|Choice Band|[from] move: Knock Off|[of] p2a: Gurdurr
|
|upkeep
|turn|6
|
|t:|1685240998
|move|p1a: Trevenant|Horn Leech|p2a: Gurdurr
|-damage|p2a: Gurdurr|66/277
|-heal|p1a: Trevenant|172/286|[from] drain|[of] p2a: Gurdurr
|move|p2a: Gurdurr|Knock Off|p1a: Trevenant
|-supereffective|p1a: Trevenant
|-damage|p1a: Trevenant|68/286
|
|upkeep
|turn|7
|
|t:|1685241003
|move|p1a: Trevenant|Horn Leech|p2a: Gurdurr
|-damage|p2a: Gurdurr|0 fnt
|-heal|p1a: Trevenant|101/286|[from] drain|[of] p2a: Gurdurr
|faint|p2a: Gurdurr
|
|upkeep
|
|t:|1685241012
|switch|p2a: Heatran|Heatran, L78, M|270/270
|-item|p2a: Heatran|Air Balloon
|turn|8
|
|t:|1685241020
|move|p2a: Heatran|Lava Plume|p1a: Trevenant
|-supereffective|p1a: Trevenant
|-damage|p1a: Trevenant|0 fnt
|faint|p1a: Trevenant
|
|upkeep
|
|t:|1685241026
|switch|p1a: Sylveon|Sylveon, L84, F|297/297
|turn|9
|
|t:|1685241037
|move|p2a: Heatran|Flash Cannon|p1a: Sylveon
|-supereffective|p1a: Sylveon
|-damage|p1a: Sylveon|163/297
|move|p1a: Sylveon|Psyshock|p2a: Heatran
|-resisted|p2a: Heatran
|-damage|p2a: Heatran|238/270
|-enditem|p2a: Heatran|Air Balloon
|
|-heal|p1a: Sylveon|181/297|[from] item: Leftovers
|upkeep
|turn|10
|
|t:|1685241043
|move|p2a: Heatran|Flash Cannon|p1a: Sylveon
|-supereffective|p1a: Sylveon
|-damage|p1a: Sylveon|41/297
|move|p1a: Sylveon|Psyshock|p2a: Heatran
|-resisted|p2a: Heatran
|-damage|p2a: Heatran|206/270
|
|-heal|p1a: Sylveon|59/297|[from] item: Leftovers
|upkeep
|turn|11
|
|t:|1685241056
|move|p2a: Heatran|Flash Cannon|p1a: Sylveon
|-supereffective|p1a: Sylveon
|-damage|p1a: Sylveon|0 fnt
|faint|p1a: Sylveon
|
|upkeep
|
|t:|1685241059
|switch|p1a: Druddigon|Druddigon, L84, M|267/267
|turn|12
|
|t:|1685241070
|move|p2a: Heatran|Earth Power|p1a: Druddigon
|-damage|p1a: Druddigon|198/267
|-unboost|p1a: Druddigon|spd|1
|move|p1a: Druddigon|Outrage|p2a: Heatran
|-resisted|p2a: Heatran
|-damage|p2a: Heatran|115/270
|-damage|p1a: Druddigon|172/267|[from] item: Life Orb
|
|upkeep
|turn|13
|
|t:|1685241074
|move|p2a: Heatran|Flash Cannon|p1a: Druddigon
|-damage|p1a: Druddigon|28/267
|move|p1a: Druddigon|Outrage|p2a: Heatran|[from]lockedmove
|-resisted|p2a: Heatran
|-damage|p2a: Heatran|21/270
|-damage|p1a: Druddigon|2/267|[from] item: Life Orb
|
|upkeep
|turn|14
|
|t:|1685241077
|move|p2a: Heatran|Flash Cannon|p1a: Druddigon
|-damage|p1a: Druddigon|0 fnt
|faint|p1a: Druddigon
|
|upkeep
|
|t:|1685241081
|switch|p1a: Jolteon|Jolteon, L82, M|241/241
|turn|15
|
|t:|1685241084
|move|p1a: Jolteon|Shadow Ball|p2a: Heatran
|-damage|p2a: Heatran|0 fnt
|faint|p2a: Heatran
|
|upkeep
|
|t:|1685241092
|switch|p2a: Shuckle|Shuckle, L87, M|177/177
|turn|16
|
|t:|1685241100
|move|p1a: Jolteon|Shadow Ball|p2a: Shuckle
|-damage|p2a: Shuckle|138/177
|move|p2a: Shuckle|Encore|p1a: Jolteon
|-start|p1a: Jolteon|Encore
|
|upkeep
|turn|17
|
|t:|1685241106
|move|p1a: Jolteon|Shadow Ball|p2a: Shuckle
|-damage|p2a: Shuckle|101/177
|move|p2a: Shuckle|Toxic|p1a: Jolteon
|-status|p1a: Jolteon|tox
|
|-damage|p1a: Jolteon|226/241 tox|[from] psn
|upkeep
|turn|18
|
|t:|1685241110
|move|p1a: Jolteon|Shadow Ball|p2a: Shuckle
|-damage|p2a: Shuckle|64/177
|-unboost|p2a: Shuckle|spd|1
|move|p2a: Shuckle|Stealth Rock|p1a: Jolteon
|-sidestart|p1: juansban|move: Stealth Rock
|
|-damage|p1a: Jolteon|196/241 tox|[from] psn
|upkeep
|turn|19
|
|t:|1685241116
|move|p1a: Jolteon|Shadow Ball|p2a: Shuckle
|-damage|p2a: Shuckle|8/177
|move|p2a: Shuckle|Knock Off|p1a: Jolteon
|-damage|p1a: Jolteon|162/241 tox
|-enditem|p1a: Jolteon|Choice Specs|[from] move: Knock Off|[of] p2a: Shuckle
|
|-damage|p1a: Jolteon|117/241 tox|[from] psn
|-end|p1a: Jolteon|Encore
|upkeep
|turn|20
|
|t:|1685241124
|move|p1a: Jolteon|Hyper Voice|p2a: Shuckle
|-resisted|p2a: Shuckle
|-damage|p2a: Shuckle|0 fnt
|faint|p2a: Shuckle
|
|-damage|p1a: Jolteon|57/241 tox|[from] psn
|upkeep
|
|t:|1685241128
|switch|p2a: Kartana|Kartana, L74|209/209
|turn|21
|
|t:|1685241133
|move|p1a: Jolteon|Hyper Voice|p2a: Kartana
|-resisted|p2a: Kartana
|-damage|p2a: Kartana|133/209
|move|p2a: Kartana|Leaf Blade|p1a: Jolteon
|-damage|p1a: Jolteon|0 fnt
|faint|p1a: Jolteon
|-ability|p2a: Kartana|Beast Boost|boost
|-boost|p2a: Kartana|atk|1
|
|upkeep
|
|t:|1685241135
|switch|p1a: Beartic|Beartic, L86, F|304/304
|turn|22
|
|t:|1685241144
|-start|p1a: Beartic|Dynamax|
|-heal|p1a: Beartic|608/608|[silent]
|move|p2a: Kartana|Leaf Blade|p1a: Beartic
|-damage|p1a: Beartic|341/608
|move|p1a: Beartic|Max Hailstorm|p2a: Kartana
|-damage|p2a: Kartana|0 fnt
|-weather|Hail
|faint|p2a: Kartana
|
|-weather|Hail|[upkeep]
|upkeep
|
|t:|1685241146
|switch|p2a: Ribombee|Ribombee, L82, M|233/233
|turn|23
|
|t:|1685241167
|-start|p2a: Ribombee|Dynamax|
|-heal|p2a: Ribombee|466/466|[silent]
|move|p1a: Beartic|Max Hailstorm|p2a: Ribombee
|-damage|p2a: Ribombee|201/466
|move|p2a: Ribombee|Max Starfall|p1a: Beartic
|-damage|p1a: Beartic|206/608
|-fieldstart|move: Misty Terrain
|
|-weather|Hail|[upkeep]
|-damage|p2a: Ribombee|187/466|[from] Hail
|upkeep
|turn|24
|
|t:|1685241171
|move|p1a: Beartic|Max Hailstorm|p2a: Ribombee
|-damage|p2a: Ribombee|0 fnt
|faint|p2a: Ribombee
|
|win|juansban
|l|☆GASTINREX
