{"id": "gen8randombattle-1873151237", "p1": "bannedword420", "p2": "Hd DC hi", "format": "[Gen 8] Random Battle", "log": "|j|\u2606bannedword420\n|j|\u2606Hd DC hi\n|t:|1685331929\n|gametype|singles\n|player|p1|bannedword420|pokemaniac|1124\n|player|p2|Hd DC hi|265|1040\n|teamsize|p1|6\n|teamsize|p2|6\n|gen|8\n|tier|[Gen 8] Random Battle\n|rated|\n|rule|Species Clause: Limit one of each Pok\u00e9mon\n|rule|HP Percentage Mod: HP is shown in percentages\n|rule|Sleep Clause Mod: Limit one foe put to sleep\n|\n|t:|1685331929\n|start\n|switch|p1a: Flareon|Flareon, L86, F|251/251\n|switch|p2a: Manectric|Manectric, L86, F|261/261\n|turn|1\n|inactive|Battle timer is ON: inactive players will automatically lose when time's up. (requested by bannedword420)\n|\n|t:|1685331940\n|move|p2a: Manectric|Thunderbolt|p1a: Flareon\n|-damage|p1a: Flareon|170/251\n|-status|p1a: Flareon|par\n|move|p1a: Flareon|Flame Charge|p2a: Manectric\n|-damage|p2a: Manectric|120/261\n|-boost|p1a: Flareon|spe|1\n|\n|upkeep\n|turn|2\n|\n|t:|1685331956\n|move|p2a: Manectric|Thunderbolt|p1a: Flareon\n|-damage|p1a: Flareon|79/251 par\n|move|p1a: Flareon|Facade|p2a: Manectric\n|-damage|p2a: Manectric|0 fnt\n|faint|p2a: Manectric\n|\n|upkeep\n|\n|t:|1685331974\n|switch|p2a: Kingler|Kingler, L84, M|230/230\n|turn|3\n|\n|t:|1685331977\n|move|p2a: Kingler|Liquidation|p1a: Flareon\n|-supereffective|p1a: Flareon\n|-damage|p1a: Flareon|0 fnt\n|faint|p1a: Flareon\n|\n|upkeep\n|\n|t:|1685331986\n|switch|p1a: Shiinotic|Shiinotic, L86, M|243/243\n|turn|4\n|\n|t:|1685331993\n|switch|p2a: Toxapex|Toxapex, L82, F|216/216\n|move|p1a: Shiinotic|Spore|p2a: Toxapex\n|-status|p2a: Toxapex|slp|[from] move: Spore\n|\n|upkeep\n|turn|5\n|\n|t:|1685331997\n|cant|p2a: Toxapex|slp\n|move|p1a: Shiinotic|Leech Seed|p2a: Toxapex\n|-start|p2a: Toxapex|move: Leech Seed\n|\n|-damage|p2a: Toxapex|189/216 slp|[from] Leech Seed|[of] p1a: Shiinotic\n|upkeep\n|turn|6\n|\n|t:|1685332001\n|cant|p2a: Toxapex|slp\n|move|p1a: Shiinotic|Energy Ball|p2a: Toxapex\n|-damage|p2a: Toxapex|122/216 slp\n|-unboost|p2a: Toxapex|spd|1\n|\n|-heal|p2a: Toxapex|135/216 slp|[from] item: Black Sludge\n|-damage|p2a: Toxapex|108/216 slp|[from] Leech Seed|[of] p1a: Shiinotic\n|upkeep\n|turn|7\n|\n|t:|1685332006\n|cant|p2a: Toxapex|slp\n|move|p1a: Shiinotic|Energy Ball|p2a: Toxapex\n|-damage|p2a: Toxapex|5/216 slp\n|\n|-heal|p2a: Toxapex|18/216 slp|[from] item: Black Sludge\n|-damage|p2a: Toxapex|0 fnt|[from] Leech Seed|[of] p1a: Shiinotic\n|faint|p2a: Toxapex\n|upkeep\n|\n|t:|1685332015\n|switch|p2a: Mr. Mime|Mr. Mime-Galar, L86, F|226/226\n|turn|8\n|c|\u2606bannedword420|get fucked\n|\n|t:|1685332026\n|switch|p1a: Polteageist|Polteageist, L78|222/222\n|move|p2a: Mr. Mime|Freeze-Dry|p1a: Polteageist\n|-damage|p1a: Polteageist|153/222\n|\n|upkeep\n|turn|9\n|\n|t:|1685332035\n|move|p2a: Mr. Mime|Psychic|p1a: Polteageist\n|-damage|p1a: Polteageist|74/222\n|move|p1a: Polteageist|Shell Smash|p1a: Polteageist\n|-unboost|p1a: Polteageist|def|1\n|-unboost|p1a: Polteageist|spd|1\n|-boost|p1a: Polteageist|atk|2\n|-boost|p1a: Polteageist|spa|2\n|-boost|p1a: Polteageist|spe|2\n|-enditem|p1a: Polteageist|White Herb\n|-clearnegativeboost|p1a: Polteageist|[silent]\n|\n|upkeep\n|turn|10\n|\n|t:|1685332039\n|move|p1a: Polteageist|Shadow Ball|p2a: Mr. Mime\n|-supereffective|p2a: Mr. Mime\n|-damage|p2a: Mr. Mime|0 fnt\n|faint|p2a: Mr. Mime\n|\n|upkeep\n|\n|t:|1685332045\n|switch|p2a: Clefable|Clefable, L82, M|290/290\n|turn|11\n|\n|t:|1685332049\n|move|p1a: Polteageist|Stored Power|p2a: Clefable\n|-damage|p2a: Clefable|186/290\n|move|p2a: Clefable|Moonblast|p1a: Polteageist\n|-damage|p1a: Polteageist|0 fnt\n|faint|p1a: Polteageist\n|\n|-heal|p2a: Clefable|204/290|[from] item: Leftovers\n|upkeep\n|\n|t:|1685332058\n|switch|p1a: Shiinotic|Shiinotic, L86, M|243/243\n|turn|12\n|-message|Hd DC hi forfeited.\n|\n|win|bannedword420\n|raw|bannedword420's rating: 1124 &rarr; <strong>1143</strong><br />(+19 for winning)\n|raw|Hd DC hi's rating: 1040 &rarr; <strong>1028</strong><br />(-12 for losing)\n|l|\u2606Hd DC hi\n", "inputlog": ">version 6fec31d5a0d4498a06105aa188c9906bc0b6bf95\n>start {\"formatid\":\"gen8randombattle\",\"seed\":[42993,59664,243,58225],\"rated\":\"Rated battle\"}\n>player p1 {\"name\":\"bannedword420\",\"avatar\":\"pokemaniac\",\"rating\":1124,\"seed\":[12403,37650,62510,11993]}\n>player p2 {\"name\":\"Hd DC hi\",\"avatar\":\"265\",\"rating\":1040,\"seed\":[45258,59761,14048,36243]}\n>p1 move flamecharge\n>p2 move thunderbolt\n>p1 move facade\n>p2 move thunderbolt\n>p2 switch 2\n>p1 move facade\n>p2 move liquidation\n>p1 switch 2\n>p1 move spore\n>p2 switch 4\n>p1 move leechseed\n>p2 move toxic\n>p1 move energyball\n>p2 move toxic\n>p1 move energyball\n>p2 move toxic\n>p2 switch 3\n>chat \u2606bannedword420|get fucked\n>p1 switch 3\n>p2 move freezedry\n>p1 move shellsmash\n>p2 move psychic\n>p1 move shadowball\n>p2 move psychic\n>p2 switch 6\n>p1 move storedpower\n>p2 move moonblast\n>p1 switch 3\n>forcelose p2", "uploadtime": 1685332017, "views": 4, "p1id": "bannedword420", "p2id": "hddchi", "formatid": "gen8randombattle", "rating": 1028, "private": 0, "password": ""}