{"id": "gen8randombattle-1873976485", "p1": "Snorlax's Crackers", "p2": "LiJing0520", "format": "[Gen 8] Random Battle", "log": "|j|\u2606Snorlax's Crackers\n|j|\u2606LiJing0520\n|t:|1685451381\n|gametype|singles\n|player|p1|Snorlax's Crackers|lady|1119\n|player|p2|LiJing0520|169|1100\n|teamsize|p1|6\n|teamsize|p2|6\n|gen|8\n|tier|[Gen 8] Random Battle\n|rated|\n|rule|Species Clause: Limit one of each Pok\u00e9mon\n|rule|HP Percentage Mod: HP is shown in percentages\n|rule|Sleep Clause Mod: Limit one foe put to sleep\n|\n|t:|1685451381\n|start\n|switch|p1a: Latios|Latios, L78, M|253/253\n|switch|p2a: Landorus|Landorus, L76, M|260/260\n|turn|1\n|inactive|Battle timer is ON: inactive players will automatically lose when time's up. (requested by LiJing0520)\n|\n|t:|1685451396\n|switch|p1a: Delibird|Delibird, F|252/252\n|switch|p2a: Ferrothorn|Ferrothorn, L78, F|244/244\n|\n|upkeep\n|turn|2\n|\n|t:|1685451414\n|switch|p1a: Hitmontop|Hitmontop, L85, M|224/224\n|move|p2a: Ferrothorn|Knock Off|p1a: Hitmontop\n|-resisted|p1a: Hitmontop\n|-damage|p1a: Hitmontop|195/224\n|-enditem|p1a: Hitmontop|Life Orb|[from] move: Knock Off|[of] p2a: Ferrothorn\n|\n|upkeep\n|turn|3\n|\n|t:|1685451433\n|switch|p2a: Landorus|Landorus, L76, M|260/260\n|move|p1a: Hitmontop|Toxic|p2a: Landorus\n|-status|p2a: Landorus|tox\n|\n|-damage|p2a: Landorus|244/260 tox|[from] psn\n|upkeep\n|turn|4\n|\n|t:|1685451443\n|switch|p1a: Latios|Latios, L78, M|253/253\n|move|p2a: Landorus|Earth Power|p1a: Latios\n|-immune|p1a: Latios|[from] ability: Levitate\n|\n|-damage|p2a: Landorus|212/260 tox|[from] psn\n|upkeep\n|turn|5\n|\n|t:|1685451453\n|switch|p1a: Hitmontop|Hitmontop, L85, M|195/224\n|switch|p2a: Mamoswine|Mamoswine, L80, F|307/307\n|\n|upkeep\n|turn|6\n|\n|t:|1685451472\n|-start|p2a: Mamoswine|Dynamax|\n|-heal|p2a: Mamoswine|614/614|[silent]\n|move|p2a: Mamoswine|Max Quake|p1a: Hitmontop\n|-damage|p1a: Hitmontop|0 fnt\n|-boost|p2a: Mamoswine|spd|1\n|faint|p1a: Hitmontop\n|-damage|p2a: Mamoswine|584/614|[from] item: Life Orb\n|\n|upkeep\n|\n|t:|1685451483\n|switch|p1a: Latios|Latios, L78, M|253/253\n|turn|7\n|\n|t:|1685451488\n|-start|p1a: Latios|Dynamax|\n|-heal|p1a: Latios|506/506|[silent]\n|move|p1a: Latios|Max Wyrmwind|p2a: Mamoswine\n|-damage|p2a: Mamoswine|412/614\n|-unboost|p2a: Mamoswine|atk|1\n|move|p2a: Mamoswine|Max Hailstorm|p1a: Latios\n|-supereffective|p1a: Latios\n|-damage|p1a: Latios|186/506\n|-weather|Hail\n|-damage|p2a: Mamoswine|382/614|[from] item: Life Orb\n|\n|-weather|Hail|[upkeep]\n|-damage|p1a: Latios|171/506|[from] Hail\n|upkeep\n|turn|8\n|\n|t:|1685451501\n|move|p1a: Latios|Max Wyrmwind|p2a: Mamoswine\n|-damage|p2a: Mamoswine|202/614\n|-unboost|p2a: Mamoswine|atk|1\n|move|p2a: Mamoswine|Max Hailstorm|p1a: Latios\n|-supereffective|p1a: Latios\n|-damage|p1a: Latios|0 fnt\n|faint|p1a: Latios\n|-damage|p2a: Mamoswine|172/614|[from] item: Life Orb\n|\n|-weather|Hail|[upkeep]\n|upkeep\n|\n|t:|1685451513\n|switch|p1a: Delibird|Delibird, F|252/252\n|-end|p2a: Mamoswine|Dynamax\n|-heal|p2a: Mamoswine|86/307|[silent]\n|turn|9\n|\n|t:|1685451532\n|switch|p2a: Perrserker|Perrserker, L86, M|261/261\n|move|p1a: Delibird|Spikes|p2a: Perrserker\n|-sidestart|p2: LiJing0520|Spikes\n|\n|-weather|Hail|[upkeep]\n|-damage|p2a: Perrserker|245/261|[from] Hail\n|upkeep\n|turn|10\n|\n|t:|1685451540\n|switch|p1a: Toxapex|Toxapex, L82, F|216/216\n|move|p2a: Perrserker|Iron Head|p1a: Toxapex\n|-resisted|p1a: Toxapex\n|-damage|p1a: Toxapex|138/216\n|\n|-weather|Hail|[upkeep]\n|-damage|p2a: Perrserker|229/261|[from] Hail\n|-damage|p1a: Toxapex|125/216|[from] Hail\n|-heal|p1a: Toxapex|138/216|[from] item: Black Sludge\n|upkeep\n|turn|11\n|\n|t:|1685451551\n|switch|p2a: Ferrothorn|Ferrothorn, L78, F|244/244\n|-damage|p2a: Ferrothorn|214/244|[from] Spikes\n|move|p1a: Toxapex|Scald|p2a: Ferrothorn\n|-resisted|p2a: Ferrothorn\n|-damage|p2a: Ferrothorn|192/244\n|\n|-weather|none\n|-heal|p1a: Toxapex|151/216|[from] item: Black Sludge\n|-heal|p2a: Ferrothorn|207/244|[from] item: Leftovers\n|upkeep\n|turn|12\n|\n|t:|1685451564\n|move|p1a: Toxapex|Recover|p1a: Toxapex\n|-heal|p1a: Toxapex|216/216\n|move|p2a: Ferrothorn|Knock Off|p1a: Toxapex\n|-damage|p1a: Toxapex|179/216\n|-enditem|p1a: Toxapex|Black Sludge|[from] move: Knock Off|[of] p2a: Ferrothorn\n|\n|-heal|p2a: Ferrothorn|222/244|[from] item: Leftovers\n|upkeep\n|turn|13\n|\n|t:|1685451574\n|switch|p1a: Delibird|Delibird, F|252/252\n|move|p2a: Ferrothorn|Leech Seed|p1a: Delibird\n|-start|p1a: Delibird|move: Leech Seed\n|\n|-heal|p2a: Ferrothorn|237/244|[from] item: Leftovers\n|-damage|p1a: Delibird|221/252|[from] Leech Seed|[of] p2a: Ferrothorn\n|-heal|p2a: Ferrothorn|244/244|[silent]\n|upkeep\n|turn|14\n|\n|t:|1685451585\n|move|p1a: Delibird|Spikes|p2a: Ferrothorn\n|-sidestart|p2: LiJing0520|Spikes\n|move|p2a: Ferrothorn|Knock Off|p1a: Delibird\n|-damage|p1a: Delibird|148/252\n|-enditem|p1a: Delibird|Heavy-Duty Boots|[from] move: Knock Off|[of] p2a: Ferrothorn\n|\n|-damage|p1a: Delibird|117/252|[from] Leech Seed|[of] p2a: Ferrothorn\n|upkeep\n|turn|15\n|\n|t:|1685451593\n|switch|p1a: Toxapex|Toxapex, L82, F|216/216\n|move|p2a: Ferrothorn|Spikes|p1a: Toxapex\n|-sidestart|p1: Snorlax's Crackers|Spikes\n|\n|upkeep\n|turn|16\n|\n|t:|1685451617\n|switch|p1a: Lycanroc|Lycanroc, L80, M|251/251\n|-damage|p1a: Lycanroc|220/251|[from] Spikes\n|move|p2a: Ferrothorn|Power Whip|p1a: Lycanroc\n|-supereffective|p1a: Lycanroc\n|-damage|p1a: Lycanroc|0 fnt\n|faint|p1a: Lycanroc\n|\n|upkeep\n|-message|Snorlax's Crackers forfeited.\n|\n|win|LiJing0520\n|raw|Snorlax&apos;s Crackers's rating: 1119 &rarr; <strong>1093</strong><br />(-26 for losing)\n|raw|LiJing0520's rating: 1100 &rarr; <strong>1126</strong><br />(+26 for winning)\n|l|\u2606Snorlax's Crackers\n", "inputlog": ">version 6fec31d5a0d4498a06105aa188c9906bc0b6bf95\n>start {\"formatid\":\"gen8randombattle\",\"seed\":[18771,51342,16992,47325],\"rated\":\"Rated battle\"}\n>player p1 {\"name\":\"Snorlax's Crackers\",\"avatar\":\"lady\",\"rating\":1119,\"seed\":[7578,43636,9792,663]}\n>player p2 {\"name\":\"LiJing0520\",\"avatar\":\"169\",\"rating\":1100,\"seed\":[23650,26864,61920,57462]}\n>p1 switch 2\n>p2 switch 4\n>p1 switch 6\n>p2 move knockoff\n>p1 move toxic\n>p2 switch 4\n>p1 switch 2\n>p2 move earthpower\n>p1 switch 2\n>p2 switch 3\n>p1 move toxic\n>p2 move earthquake dynamax\n>p1 switch 2\n>p1 move dracometeor dynamax\n>p2 move iciclecrash dynamax\n>p1 move dracometeor dynamax\n>p2 move iciclecrash dynamax\n>p1 switch 6\n>p1 move spikes\n>p2 switch 2\n>p1 switch 3\n>p2 move ironhead\n>p1 move scald\n>p2 switch 4\n>p1 move recover\n>p2 move knockoff\n>p1 switch 3\n>p2 move leechseed\n>p1 move spikes\n>p2 move knockoff\n>p1 switch 3\n>p2 move spikes\n>p1 switch 5\n>p2 move powerwhip\n>forcelose p1", "uploadtime": 1685451634, "views": 4, "p1id": "snorlaxscrackers", "p2id": "lijing0520", "formatid": "gen8randombattle", "rating": 1093, "private": 0, "password": ""}