|j|‽WYadielxD
|j|☆shaonxlr8
|t:|1684287721
|gametype|singles
|player|p1|WYadielxD|102|1171
|player|p2|shaonxlr8|norman|1129
|teamsize|p1|6
|teamsize|p2|6
|gen|8
|tier|[Gen 8] Random Battle
|rated|
|rule|Species Clause: Limit one of each Pokémon
|rule|HP Percentage Mod: HP is shown in percentages
|rule|Sleep Clause Mod: Limit one foe put to sleep
|
|t:|1684287721
|start
|switch|p1a: Doublade|Doublade, L82, M|231/231
|switch|p2a: Ferrothorn|Ferrothorn, L78, F|244/244
|turn|1
|inactive|Battle timer is ON: inactive players will automatically lose when time's up. (requested by shaonxlr8)
|
|t:|1684287728
|move|p1a: Doublade|Swords Dance|p1a: Doublade
|-boost|p1a: Doublade|atk|2
|move|p2a: Ferrothorn|Stealth Rock|p1a: Doublade
|-sidestart|p1: WYadielxD|move: Stealth Rock
|
|upkeep
|turn|2
|
|t:|1684287735
|move|p1a: Doublade|Swords Dance|p1a: Doublade
|-boost|p1a: Doublade|atk|2
|move|p2a: Ferrothorn|Leech Seed|p1a: Doublade
|-start|p1a: Doublade|move: Leech Seed
|
|-damage|p1a: Doublade|203/231|[from] Leech Seed|[of] p2a: Ferrothorn
|upkeep
|turn|3
|
|t:|1684287749
|move|p2a: Ferrothorn|Protect|p2a: Ferrothorn
|-singleturn|p2a: Ferrothorn|Protect
|move|p1a: Doublade|Swords Dance|p1a: Doublade
|-boost|p1a: Doublade|atk|2
|
|-damage|p1a: Doublade|175/231|[from] Leech Seed|[of] p2a: Ferrothorn
|upkeep
|turn|4
|
|t:|1684287756
|move|p2a: Ferrothorn|Protect||[still]
|-fail|p2a: Ferrothorn
|move|p1a: Doublade|Close Combat|p2a: Ferrothorn
|-supereffective|p2a: Ferrothorn
|-damage|p2a: Ferrothorn|0 fnt
|-unboost|p1a: Doublade|def|1
|-unboost|p1a: Doublade|spd|1
|-damage|p1a: Doublade|147/231|[from] ability: Iron Barbs|[of] p2a: Ferrothorn
|faint|p2a: Ferrothorn
|
|upkeep
|
|t:|1684287781
|switch|p2a: Klinklang|Klinklang, L84|238/238
|turn|5
|
|t:|1684287791
|move|p1a: Doublade|Shadow Sneak|p2a: Klinklang
|-damage|p2a: Klinklang|105/238
|move|p2a: Klinklang|Substitute|p2a: Klinklang
|-start|p2a: Klinklang|Substitute
|-damage|p2a: Klinklang|46/238
|
|-heal|p2a: Klinklang|60/238|[from] item: Leftovers
|-damage|p1a: Doublade|119/231|[from] Leech Seed|[of] p2a: Klinklang
|-heal|p2a: Klinklang|88/238|[silent]
|upkeep
|turn|6
|l|‽WYadielxD
|inactive|WYadielxD disconnected and has a minute to reconnect!
|player|p1|
|j|‽WYadielxD
|inactive|WYadielxD reconnected and has 130 seconds left.
|player|p1|WYadielxD|102
|n|‽WYadielxD|wyadielxd
|
|t:|1684287814
|move|p1a: Doublade|Shadow Sneak|p2a: Klinklang
|-end|p2a: Klinklang|Substitute
|move|p2a: Klinklang|Shift Gear|p2a: Klinklang
|-boost|p2a: Klinklang|spe|2
|-boost|p2a: Klinklang|atk|1
|
|-heal|p2a: Klinklang|102/238|[from] item: Leftovers
|-damage|p1a: Doublade|91/231|[from] Leech Seed|[of] p2a: Klinklang
|-heal|p2a: Klinklang|130/238|[silent]
|upkeep
|turn|7
|
|t:|1684287822
|move|p1a: Doublade|Shadow Sneak|p2a: Klinklang
|-damage|p2a: Klinklang|0 fnt
|faint|p2a: Klinklang
|
|upkeep
|
|t:|1684287826
|switch|p2a: Noctowl|Noctowl, L88, M|319/319
|turn|8
|
|t:|1684287833
|move|p2a: Noctowl|Nasty Plot|p2a: Noctowl
|-boost|p2a: Noctowl|spa|2
|move|p1a: Doublade|Iron Head|p2a: Noctowl
|-damage|p2a: Noctowl|0 fnt
|faint|p2a: Noctowl
|
|upkeep
|
|t:|1684287840
|switch|p2a: Raichu|Raichu-Alola, L84, M|238/238
|turn|9
|
|t:|1684287843
|move|p1a: Doublade|Shadow Sneak|p2a: Raichu
|-supereffective|p2a: Raichu
|-damage|p2a: Raichu|0 fnt
|faint|p2a: Raichu
|
|upkeep
|
|t:|1684287848
|switch|p2a: Zarude|Zarude, L78|292/292
|turn|10
|
|t:|1684287853
|move|p2a: Zarude|Bulk Up|p2a: Zarude
|-boost|p2a: Zarude|atk|1
|-boost|p2a: Zarude|def|1
|move|p1a: Doublade|Close Combat|p2a: Zarude
|-supereffective|p2a: Zarude
|-damage|p2a: Zarude|0 fnt
|-unboost|p1a: Doublade|def|1
|-unboost|p1a: Doublade|spd|1
|faint|p2a: Zarude
|
|upkeep
|
|t:|1684287862
|switch|p2a: Sandaconda|Sandaconda, L84, M|258/258
|turn|11
|
|t:|1684287866
|move|p2a: Sandaconda|Coil|p2a: Sandaconda
|-boost|p2a: Sandaconda|atk|1
|-boost|p2a: Sandaconda|def|1
|-boost|p2a: Sandaconda|accuracy|1
|move|p1a: Doublade|Iron Head|p2a: Sandaconda
|-damage|p2a: Sandaconda|89/258
|
|-heal|p2a: Sandaconda|105/258|[from] item: Leftovers
|-damage|p1a: Doublade|63/231|[from] Leech Seed|[of] p2a: Sandaconda
|-heal|p2a: Sandaconda|133/258|[silent]
|upkeep
|turn|12
|
|t:|1684287874
|move|p2a: Sandaconda|Coil|p2a: Sandaconda
|-boost|p2a: Sandaconda|atk|1
|-boost|p2a: Sandaconda|def|1
|-boost|p2a: Sandaconda|accuracy|1
|move|p1a: Doublade|Close Combat|p2a: Sandaconda
|-damage|p2a: Sandaconda|9/258
|-unboost|p1a: Doublade|def|1
|-unboost|p1a: Doublade|spd|1
|
|-heal|p2a: Sandaconda|25/258|[from] item: Leftovers
|-damage|p1a: Doublade|35/231|[from] Leech Seed|[of] p2a: Sandaconda
|-heal|p2a: Sandaconda|53/258|[silent]
|upkeep
|turn|13
|
|t:|1684287887
|move|p1a: Doublade|Shadow Sneak|p2a: Sandaconda
|-damage|p2a: Sandaconda|0 fnt
|faint|p2a: Sandaconda
|
|win|WYadielxD
|raw|WYadielxD's rating: 1171 &rarr; <strong>1193</strong><br />(+22 for winning)
|raw|shaonxlr8's rating: 1129 &rarr; <strong>1107</strong><br />(-22 for losing)
