|j|☆Lord Rekkuza
|j|☆XYZ15
|t:|1685136747
|gametype|singles
|player|p1|Lord Rekkuza|lance-masters|
|player|p2|XYZ15|rei|
|teamsize|p1|6
|teamsize|p2|6
|gen|8
|tier|[Gen 8] Random Battle
|rule|Species Clause: Limit one of each Pokémon
|rule|HP Percentage Mod: HP is shown in percentages
|rule|Sleep Clause Mod: Limit one foe put to sleep
|
|t:|1685136747
|start
|switch|p1a: Kyurem|Kyurem-Black, L73|303/303
|switch|p2a: Toxapex|Toxapex, L82, M|216/216
|-ability|p1a: Kyurem|Teravolt
|turn|1
|inactive|Battle timer is ON: inactive players will automatically lose when time's up. (requested by Lord Rekkuza)
|c|☆Lord Rekkuza|gl
|c|☆XYZ15|same
|inactive|Lord Rekkuza has 270 seconds left.
|
|t:|1685136798
|move|p1a: Kyurem|Dragon Dance|p1a: Kyurem
|-boost|p1a: Kyurem|atk|1
|-boost|p1a: Kyurem|spe|1
|move|p2a: Toxapex|Toxic|p1a: Kyurem
|-status|p1a: Kyurem|tox
|
|-damage|p1a: Kyurem|285/303 tox|[from] psn
|upkeep
|turn|2
|
|t:|1685136803
|move|p2a: Toxapex|Baneful Bunker|p2a: Toxapex
|-singleturn|p2a: Toxapex|move: Protect
|move|p1a: Kyurem|Fusion Bolt|p2a: Toxapex
|-activate|p2a: Toxapex|move: Protect
|
|-damage|p1a: Kyurem|249/303 tox|[from] psn
|upkeep
|turn|3
|
|t:|1685136810
|switch|p2a: Dusknoir|Dusknoir, L86, M|218/218
|-ability|p2a: Dusknoir|Pressure
|move|p1a: Kyurem|Dragon Dance|p1a: Kyurem
|-boost|p1a: Kyurem|atk|1
|-boost|p1a: Kyurem|spe|1
|
|-damage|p1a: Kyurem|195/303 tox|[from] psn
|upkeep
|turn|4
|
|t:|1685136835
|move|p1a: Kyurem|Outrage|p2a: Dusknoir
|-damage|p2a: Dusknoir|0 fnt
|faint|p2a: Dusknoir
|
|-damage|p1a: Kyurem|123/303 tox|[from] psn
|upkeep
|
|t:|1685136843
|switch|p2a: Mr. Mime|Mr. Mime, L86, M|209/209
|turn|5
|
|t:|1685136847
|move|p1a: Kyurem|Outrage|p2a: Mr. Mime|[from]lockedmove
|-immune|p2a: Mr. Mime
|move|p2a: Mr. Mime|Nasty Plot|p2a: Mr. Mime
|-boost|p2a: Mr. Mime|spa|2
|
|-damage|p1a: Kyurem|33/303 tox|[from] psn
|upkeep
|turn|6
|
|t:|1685136867
|move|p1a: Kyurem|Icicle Spear|p2a: Mr. Mime
|-damage|p2a: Mr. Mime|127/209
|-damage|p2a: Mr. Mime|52/209
|-hitcount|p2a: Mr. Mime|2
|move|p2a: Mr. Mime|Nasty Plot|p2a: Mr. Mime
|-boost|p2a: Mr. Mime|spa|2
|
|-damage|p1a: Kyurem|0 fnt|[from] psn
|faint|p1a: Kyurem
|upkeep
|c|☆Lord Rekkuza|Rip
|c|☆XYZ15|sorry
|inactive|Lord Rekkuza has 270 seconds left.
|
|t:|1685136899
|switch|p1a: Raichu|Raichu, L86, M|243/243
|turn|7
|
|t:|1685136918
|-start|p2a: Mr. Mime|Dynamax|
|-heal|p2a: Mr. Mime|104/418|[silent]
|move|p1a: Raichu|Thunderbolt|p2a: Mr. Mime
|-damage|p2a: Mr. Mime|9/418
|-damage|p1a: Raichu|219/243|[from] item: Life Orb
|move|p2a: Mr. Mime|Max Mindstorm|p1a: Raichu
|-damage|p1a: Raichu|0 fnt
|-fieldstart|move: Psychic Terrain
|faint|p1a: Raichu
|-damage|p2a: Mr. Mime|0 fnt|[from] item: Life Orb
|faint|p2a: Mr. Mime
|
|upkeep
|inactive|Lord Rekkuza has 270 seconds left.
|inactive|Lord Rekkuza has 240 seconds left.
|
|t:|1685136962
|switch|p1a: Reuniclus|Reuniclus, L84, M|322/322
|switch|p2a: Froslass|Froslass, L84, F|255/255
|turn|8
|inactive|Lord Rekkuza has 240 seconds left.
|
|t:|1685136996
|switch|p1a: Diancie|Diancie, L82|216/216
|move|p2a: Froslass|Poltergeist|p1a: Diancie
|-activate|p1a: Diancie|move: Poltergeist|Assault Vest
|-damage|p1a: Diancie|149/216
|
|upkeep
|turn|9
|
|t:|1685137005
|switch|p2a: Copperajah|Copperajah, L84, F|342/342
|move|p1a: Diancie|Diamond Storm|p2a: Copperajah
|-resisted|p2a: Copperajah
|-damage|p2a: Copperajah|283/342
|
|upkeep
|turn|10
|inactive|Lord Rekkuza has 210 seconds left.
|
|t:|1685137039
|switch|p1a: Lurantis|Lurantis, L86, M|261/261
|move|p2a: Copperajah|Iron Head|p1a: Lurantis
|-damage|p1a: Lurantis|93/261
|
|-heal|p1a: Lurantis|109/261|[from] item: Leftovers
|upkeep
|turn|11
|
|t:|1685137058
|move|p1a: Lurantis|Leaf Storm|p2a: Copperajah
|-resisted|p2a: Copperajah
|-damage|p2a: Copperajah|205/342
|-boost|p1a: Lurantis|spa|2
|move|p2a: Copperajah|Iron Head|p1a: Lurantis
|-damage|p1a: Lurantis|0 fnt
|faint|p1a: Lurantis
|
|-fieldend|move: Psychic Terrain
|upkeep
|
|t:|1685137075
|switch|p1a: Reuniclus|Reuniclus, L84, M|322/322
|turn|12
|
|t:|1685137084
|switch|p2a: Absol|Absol, L84, F|246/246
|move|p1a: Reuniclus|Psychic|p2a: Absol
|-immune|p2a: Absol
|
|upkeep
|turn|13
|inactive|Lord Rekkuza has 210 seconds left.
|
|t:|1685137102
|move|p2a: Absol|Knock Off|p1a: Reuniclus
|-supereffective|p1a: Reuniclus
|-damage|p1a: Reuniclus|0 fnt
|-enditem|p1a: Reuniclus|Life Orb|[from] move: Knock Off|[of] p2a: Absol
|faint|p1a: Reuniclus
|-damage|p2a: Absol|222/246|[from] item: Life Orb
|
|upkeep
|
|t:|1685137120
|switch|p1a: Diancie|Diancie, L82|149/216
|turn|14
|
|t:|1685137131
|move|p2a: Absol|Play Rough|p1a: Diancie
|-damage|p1a: Diancie|84/216
|-damage|p2a: Absol|198/246|[from] item: Life Orb
|move|p1a: Diancie|Moonblast|p2a: Absol
|-supereffective|p2a: Absol
|-damage|p2a: Absol|0 fnt
|faint|p2a: Absol
|
|upkeep
|
|t:|1685137140
|switch|p2a: Copperajah|Copperajah, L84, F|205/342
|turn|15
|inactive|Lord Rekkuza has 180 seconds left.
|
|t:|1685137182
|move|p1a: Diancie|Body Press|p2a: Copperajah
|-supereffective|p2a: Copperajah
|-damage|p2a: Copperajah|19/342
|move|p2a: Copperajah|Iron Head|p1a: Diancie
|-supereffective|p1a: Diancie
|-damage|p1a: Diancie|0 fnt
|faint|p1a: Diancie
|
|upkeep
|j| AndreyVGC
|
|t:|1685137204
|switch|p1a: Zekrom|Zekrom, L69|252/252
|-ability|p1a: Zekrom|Teravolt
|turn|16
|inactive|Lord Rekkuza has 150 seconds left.
|
|t:|1685137245
|-start|p1a: Zekrom|Dynamax|
|-heal|p1a: Zekrom|504/504|[silent]
|move|p1a: Zekrom|Max Guard|p1a: Zekrom
|-singleturn|p1a: Zekrom|Max Guard
|move|p2a: Copperajah|Earthquake|p1a: Zekrom
|-activate|p1a: Zekrom|move: Max Guard
|
|upkeep
|turn|17
|
|t:|1685137252
|move|p1a: Zekrom|Max Lightning|p2a: Copperajah
|-damage|p2a: Copperajah|0 fnt
|-fieldstart|move: Electric Terrain
|faint|p2a: Copperajah
|
|upkeep
|
|t:|1685137262
|switch|p2a: Toxapex|Toxapex, L82, M|216/216
|turn|18
|
|t:|1685137268
|move|p1a: Zekrom|Max Lightning|p2a: Toxapex
|-supereffective|p2a: Toxapex
|-damage|p2a: Toxapex|0 fnt
|faint|p2a: Toxapex
|
|upkeep
|
|t:|1685137275
|switch|p2a: Froslass|Froslass, L84, F|255/255
|-end|p1a: Zekrom|Dynamax
|-heal|p1a: Zekrom|252/252|[silent]
|turn|19
|inactive|Lord Rekkuza has 150 seconds left.
|
|t:|1685137308
|move|p2a: Froslass|Triple Axel|p1a: Zekrom
|-supereffective|p1a: Zekrom
|-damage|p1a: Zekrom|214/252
|-supereffective|p1a: Zekrom
|-damage|p1a: Zekrom|146/252
|-supereffective|p1a: Zekrom
|-damage|p1a: Zekrom|48/252
|-hitcount|p1a: Zekrom|3
|move|p1a: Zekrom|Dragon Dance|p1a: Zekrom
|-boost|p1a: Zekrom|atk|1
|-boost|p1a: Zekrom|spe|1
|
|upkeep
|turn|20
|c|☆XYZ15|gg
|c|☆Lord Rekkuza|Welp 85% chance
|
|t:|1685137326
|move|p1a: Zekrom|Bolt Strike|p2a: Froslass
|-damage|p2a: Froslass|0 fnt
|faint|p2a: Froslass
|
|win|Lord Rekkuza
|c|☆Lord Rekkuza|ggs
