|j|☆Ceranade
|j|☆gareeb adani
|t:|1685306547
|gametype|singles
|player|p1|Ceranade|baker|1339
|player|p2|gareeb adani|2|1512
|teamsize|p1|6
|teamsize|p2|6
|gen|8
|tier|[Gen 8] Random Battle
|rated|
|rule|Species Clause: Limit one of each Pokémon
|rule|HP Percentage Mod: HP is shown in percentages
|rule|Sleep Clause Mod: Limit one foe put to sleep
|
|t:|1685306547
|start
|switch|p1a: Golduck|Golduck, L86, M|278/278
|switch|p2a: Sylveon|Sylveon, L84, M|297/297
|turn|1
|inactive|Battle timer is ON: inactive players will automatically lose when time's up. (requested by Ceranade)
|
|t:|1685306562
|move|p1a: Golduck|Calm Mind|p1a: Golduck
|-boost|p1a: Golduck|spa|1
|-boost|p1a: Golduck|spd|1
|move|p2a: Sylveon|Calm Mind|p2a: Sylveon
|-boost|p2a: Sylveon|spa|1
|-boost|p2a: Sylveon|spd|1
|
|upkeep
|turn|2
|
|t:|1685306576
|switch|p2a: Shedinja|Shedinja, L88|1/1
|move|p1a: Golduck|Psyshock|p2a: Shedinja
|-immune|p2a: Shedinja|[from] ability: Wonder Guard
|
|upkeep
|turn|3
|
|t:|1685306583
|move|p1a: Golduck|Ice Beam|p2a: Shedinja
|-immune|p2a: Shedinja|[from] ability: Wonder Guard
|move|p2a: Shedinja|Poltergeist|p1a: Golduck
|-activate|p1a: Golduck|move: Poltergeist|Life Orb
|-crit|p1a: Golduck
|-damage|p1a: Golduck|91/278
|
|upkeep
|turn|4
|
|t:|1685306605
|switch|p1a: Exeggutor|Exeggutor-Alola, L87, F|307/307
|-item|p2a: Shedinja|Heavy-Duty Boots|[from] ability: Frisk|[of] p1a: Exeggutor|[identify]
|move|p2a: Shedinja|X-Scissor|p1a: Exeggutor
|-supereffective|p1a: Exeggutor
|-damage|p1a: Exeggutor|133/307
|
|upkeep
|turn|5
|
|t:|1685306614
|switch|p2a: Sylveon|Sylveon, L84, M|297/297
|move|p1a: Exeggutor|Flamethrower|p2a: Sylveon
|-damage|p2a: Sylveon|214/297
|-damage|p1a: Exeggutor|103/307|[from] item: Life Orb
|
|-heal|p2a: Sylveon|232/297|[from] item: Leftovers
|upkeep
|turn|6
|
|t:|1685306622
|move|p2a: Sylveon|Hyper Voice|p1a: Exeggutor
|-supereffective|p1a: Exeggutor
|-damage|p1a: Exeggutor|0 fnt
|faint|p1a: Exeggutor
|
|-heal|p2a: Sylveon|250/297|[from] item: Leftovers
|upkeep
|
|t:|1685306634
|switch|p1a: Bellossom|Bellossom, L82, M|257/257
|turn|7
|
|t:|1685306639
|move|p2a: Sylveon|Mystical Fire|p1a: Bellossom
|-supereffective|p1a: Bellossom
|-damage|p1a: Bellossom|139/257
|-unboost|p1a: Bellossom|spa|1
|move|p1a: Bellossom|Sleep Powder|p2a: Sylveon|[miss]
|-miss|p1a: Bellossom|p2a: Sylveon
|
|-heal|p2a: Sylveon|268/297|[from] item: Leftovers
|-heal|p1a: Bellossom|155/257|[from] item: Leftovers
|upkeep
|turn|8
|
|t:|1685306652
|switch|p1a: Gastrodon|Gastrodon-East, L84, M|324/324
|move|p2a: Sylveon|Hyper Voice|p1a: Gastrodon
|-damage|p1a: Gastrodon|198/324
|
|-heal|p2a: Sylveon|286/297|[from] item: Leftovers
|-heal|p1a: Gastrodon|218/324|[from] item: Leftovers
|upkeep
|turn|9
|
|t:|1685306661
|switch|p2a: Indeedee|Indeedee-F, L85, F|258/258
|-fieldstart|move: Psychic Terrain|[from] ability: Psychic Surge|[of] p2a: Indeedee
|move|p1a: Gastrodon|Toxic|p2a: Indeedee
|-status|p2a: Indeedee|tox
|
|-heal|p1a: Gastrodon|238/324|[from] item: Leftovers
|-damage|p2a: Indeedee|242/258 tox|[from] psn
|upkeep
|turn|10
|
|t:|1685306671
|move|p2a: Indeedee|Expanding Force|p1a: Gastrodon
|-damage|p1a: Gastrodon|70/324
|move|p1a: Gastrodon|Recover|p1a: Gastrodon
|-heal|p1a: Gastrodon|232/324
|
|-heal|p1a: Gastrodon|252/324|[from] item: Leftovers
|-damage|p2a: Indeedee|210/258 tox|[from] psn
|upkeep
|turn|11
|
|t:|1685306681
|switch|p2a: Rillaboom|Rillaboom, L78, M|284/284
|-fieldstart|move: Grassy Terrain|[from] ability: Grassy Surge|[of] p2a: Rillaboom
|move|p1a: Gastrodon|Recover|p1a: Gastrodon
|-heal|p1a: Gastrodon|324/324
|
|upkeep
|turn|12
|
|t:|1685306693
|switch|p1a: Bellossom|Bellossom, L82, M|155/257
|move|p2a: Rillaboom|Swords Dance|p2a: Rillaboom
|-boost|p2a: Rillaboom|atk|2
|
|-heal|p1a: Bellossom|171/257|[from] Grassy Terrain
|-heal|p1a: Bellossom|187/257|[from] item: Leftovers
|upkeep
|turn|13
|
|t:|1685306701
|move|p2a: Rillaboom|Knock Off|p1a: Bellossom
|-damage|p1a: Bellossom|14/257
|-enditem|p1a: Bellossom|Leftovers|[from] move: Knock Off|[of] p2a: Rillaboom
|-damage|p2a: Rillaboom|256/284|[from] item: Life Orb
|move|p1a: Bellossom|Sleep Powder|p2a: Rillaboom
|-immune|p2a: Rillaboom
|
|-heal|p2a: Rillaboom|273/284|[from] Grassy Terrain
|-heal|p1a: Bellossom|30/257|[from] Grassy Terrain
|upkeep
|turn|14
|
|t:|1685306715
|move|p2a: Rillaboom|Grassy Glide|p1a: Bellossom
|-resisted|p1a: Bellossom
|-damage|p1a: Bellossom|0 fnt
|faint|p1a: Bellossom
|-damage|p2a: Rillaboom|245/284|[from] item: Life Orb
|
|-heal|p2a: Rillaboom|262/284|[from] Grassy Terrain
|upkeep
|
|t:|1685306729
|switch|p1a: Sigilyph|Sigilyph, L83, M|255/255
|turn|15
|
|t:|1685306744
|move|p1a: Sigilyph|Heat Wave|p2a: Rillaboom
|-supereffective|p2a: Rillaboom
|-damage|p2a: Rillaboom|51/284
|move|p2a: Rillaboom|Knock Off|p1a: Sigilyph
|-supereffective|p1a: Sigilyph
|-damage|p1a: Sigilyph|0 fnt
|-enditem|p1a: Sigilyph|Life Orb|[from] move: Knock Off|[of] p2a: Rillaboom
|faint|p1a: Sigilyph
|-damage|p2a: Rillaboom|23/284|[from] item: Life Orb
|
|-heal|p2a: Rillaboom|40/284|[from] Grassy Terrain
|-fieldend|move: Grassy Terrain
|upkeep
|
|t:|1685306756
|switch|p1a: Mr. Rime|Mr. Rime, L86, M|278/278
|turn|16
|
|t:|1685306760
|move|p2a: Rillaboom|Knock Off|p1a: Mr. Rime
|-supereffective|p1a: Mr. Rime
|-damage|p1a: Mr. Rime|0 fnt
|-enditem|p1a: Mr. Rime|Heavy-Duty Boots|[from] move: Knock Off|[of] p2a: Rillaboom
|faint|p1a: Mr. Rime
|-damage|p2a: Rillaboom|12/284|[from] item: Life Orb
|
|upkeep
|-message|Ceranade forfeited.
|
|win|gareeb adani
|raw|Ceranade's rating: 1339 &rarr; <strong>1329</strong><br />(-10 for losing)
|raw|gareeb adani's rating: 1522 &rarr; <strong>1532</strong><br />(+10 for winning)
|l|☆Ceranade
