{"id": "gen8randombattle-1873067992", "p1": "Assholessss", "p2": "neksneks", "format": "[Gen 8] Random Battle", "log": "|j|\u2606Assholessss\n|j|\u2606neksneks\n|t:|1685319793\n|gametype|singles\n|player|p1|Assholessss|102|1000\n|player|p2|neksneks|101|1000\n|teamsize|p1|6\n|teamsize|p2|6\n|gen|8\n|tier|[Gen 8] Random Battle\n|rated|\n|rule|Species Clause: Limit one of each Pok\u00e9mon\n|rule|HP Percentage Mod: HP is shown in percentages\n|rule|Sleep Clause Mod: Limit one foe put to sleep\n|\n|t:|1685319793\n|start\n|switch|p1a: Kyurem|Kyurem, L80|331/331\n|switch|p2a: Dragalge|Dragalge, L86, F|252/252\n|-ability|p1a: Kyurem|Pressure\n|turn|1\n|\n|t:|1685319825\n|switch|p1a: Togedemaru|Togedemaru, L86, M|252/252\n|move|p2a: Dragalge|Dragon Pulse|p1a: Togedemaru\n|-resisted|p1a: Togedemaru\n|-damage|p1a: Togedemaru|142/252\n|\n|-heal|p1a: Togedemaru|157/252|[from] item: Leftovers\n|upkeep\n|turn|2\n|\n|t:|1685319838\n|switch|p2a: Heatran|Heatran, L78, M|270/270\n|move|p1a: Togedemaru|Zing Zap|p2a: Heatran\n|-damage|p2a: Heatran|189/270\n|\n|-heal|p1a: Togedemaru|172/252|[from] item: Leftovers\n|-heal|p2a: Heatran|205/270|[from] item: Leftovers\n|upkeep\n|turn|3\n|\n|t:|1685319855\n|switch|p1a: Ditto|Ditto, L76|198/198\n|-transform|p1a: Ditto|p2a: Heatran|[from] ability: Imposter\n|move|p2a: Heatran|Lava Plume|p1a: Ditto\n|-start|p1a: Ditto|ability: Flash Fire\n|\n|-heal|p2a: Heatran|221/270|[from] item: Leftovers\n|upkeep\n|turn|4\n|\n|t:|1685319870\n|move|p1a: Ditto|Taunt|p2a: Heatran\n|-start|p2a: Heatran|move: Taunt\n|cant|p2a: Heatran|move: Taunt|Taunt\n|\n|-heal|p2a: Heatran|237/270|[from] item: Leftovers\n|upkeep\n|turn|5\n|\n|t:|1685319887\n|-end|p1a: Ditto|ability: Flash Fire|[silent]\n|switch|p1a: Landorus|Landorus-Therian, L72, M|247/247\n|-ability|p1a: Landorus|Intimidate|boost\n|-unboost|p2a: Heatran|atk|1\n|switch|p2a: Toxapex|Toxapex, L82, M|216/216\n|\n|upkeep\n|turn|6\n|\n|t:|1685319899\n|move|p1a: Landorus|Fly||[still]\n|-prepare|p1a: Landorus|Fly\n|move|p2a: Toxapex|Scald|p1a: Landorus|[miss]\n|-miss|p2a: Toxapex|p1a: Landorus\n|\n|upkeep\n|turn|7\n|\n|t:|1685319903\n|move|p2a: Toxapex|Baneful Bunker|p2a: Toxapex\n|-singleturn|p2a: Toxapex|move: Protect\n|move|p1a: Landorus|Fly|p2a: Toxapex|[from]lockedmove\n|-activate|p2a: Toxapex|move: Protect\n|-status|p1a: Landorus|psn\n|\n|-damage|p1a: Landorus|217/247 psn|[from] psn\n|upkeep\n|turn|8\n|\n|t:|1685319913\n|move|p1a: Landorus|Earthquake|p2a: Toxapex\n|-supereffective|p2a: Toxapex\n|-damage|p2a: Toxapex|44/216\n|-damage|p1a: Landorus|193/247 psn|[from] item: Life Orb\n|move|p2a: Toxapex|Scald|p1a: Landorus\n|-supereffective|p1a: Landorus\n|-damage|p1a: Landorus|61/247 psn\n|\n|-heal|p2a: Toxapex|57/216|[from] item: Black Sludge\n|-damage|p1a: Landorus|31/247 psn|[from] psn\n|upkeep\n|turn|9\n|\n|t:|1685319930\n|switch|p1a: Togedemaru|Togedemaru, L86, M|172/252\n|switch|p2a: Latias|Latias, L80, F|259/259\n|\n|-heal|p1a: Togedemaru|187/252|[from] item: Leftovers\n|upkeep\n|turn|10\n|\n|t:|1685319944\n|switch|p2a: Heatran|Heatran, L78, M|237/270\n|move|p1a: Togedemaru|Zing Zap|p2a: Heatran\n|-damage|p2a: Heatran|146/270\n|\n|-heal|p1a: Togedemaru|202/252|[from] item: Leftovers\n|-heal|p2a: Heatran|162/270|[from] item: Leftovers\n|upkeep\n|turn|11\n|\n|t:|1685319954\n|move|p1a: Togedemaru|U-turn|p2a: Heatran\n|-resisted|p2a: Heatran\n|-damage|p2a: Heatran|151/270\n|\n|t:|1685319959\n|switch|p1a: Ditto|Ditto, L76|198/198|[from] U-turn\n|-transform|p1a: Ditto|p2a: Heatran|[from] ability: Imposter\n|move|p2a: Heatran|Taunt|p1a: Ditto\n|-start|p1a: Ditto|move: Taunt\n|\n|-heal|p2a: Heatran|167/270|[from] item: Leftovers\n|upkeep\n|turn|12\n|\n|t:|1685319978\n|switch|p1a: Landorus|Landorus-Therian, L72, M|31/247 psn\n|-ability|p1a: Landorus|Intimidate|boost\n|-unboost|p2a: Heatran|atk|1\n|switch|p2a: Toxapex|Toxapex, L82, M|129/216\n|\n|-heal|p2a: Toxapex|142/216|[from] item: Black Sludge\n|-damage|p1a: Landorus|1/247 psn|[from] psn\n|upkeep\n|turn|13\n|\n|t:|1685319992\n|switch|p2a: Latias|Latias, L80, F|259/259\n|move|p1a: Landorus|Earthquake|p2a: Latias\n|-immune|p2a: Latias|[from] ability: Levitate\n|\n|-damage|p1a: Landorus|0 fnt|[from] psn\n|faint|p1a: Landorus\n|upkeep\n|\n|t:|1685320004\n|switch|p1a: Togedemaru|Togedemaru, L86, M|202/252\n|turn|14\n|\n|t:|1685320017\n|switch|p2a: Decidueye|Decidueye, L86, M|274/274\n|move|p1a: Togedemaru|Zing Zap|p2a: Decidueye\n|-resisted|p2a: Decidueye\n|-damage|p2a: Decidueye|224/274\n|\n|-heal|p1a: Togedemaru|217/252|[from] item: Leftovers\n|upkeep\n|turn|15\n|\n|t:|1685320031\n|move|p1a: Togedemaru|Iron Head|p2a: Decidueye\n|-damage|p2a: Decidueye|128/274\n|move|p2a: Decidueye|Poltergeist|p1a: Togedemaru\n|-activate|p1a: Togedemaru|move: Poltergeist|Leftovers\n|-damage|p1a: Togedemaru|0 fnt\n|faint|p1a: Togedemaru\n|-damage|p2a: Decidueye|101/274|[from] item: Life Orb\n|\n|upkeep\n|\n|t:|1685320044\n|switch|p1a: Manectric|Manectric, L86, M|261/261\n|turn|16\n|\n|t:|1685320052\n|switch|p2a: Heatran|Heatran, L78, M|167/270\n|move|p1a: Manectric|Switcheroo|p2a: Heatran\n|-activate|p1a: Manectric|move: Trick|[of] p2a: Heatran\n|-item|p2a: Heatran|Choice Scarf|[from] move: Switcheroo\n|-item|p1a: Manectric|Leftovers|[from] move: Switcheroo\n|\n|upkeep\n|turn|17\n|\n|t:|1685320066\n|move|p2a: Heatran|Taunt|p1a: Manectric\n|-start|p1a: Manectric|move: Taunt\n|move|p1a: Manectric|Volt Switch|p2a: Heatran\n|-damage|p2a: Heatran|88/270\n|\n|t:|1685320073\n|switch|p1a: Sandslash|Sandslash, L86, M|269/269|[from] Volt Switch\n|\n|upkeep\n|turn|18\n|\n|t:|1685320078\n|move|p2a: Heatran|Taunt|p1a: Sandslash\n|-start|p1a: Sandslash|move: Taunt\n|move|p1a: Sandslash|Knock Off|p2a: Heatran\n|-damage|p2a: Heatran|0 fnt\n|-enditem|p2a: Heatran|Choice Scarf|[from] move: Knock Off|[of] p1a: Sandslash\n|faint|p2a: Heatran\n|-damage|p1a: Sandslash|243/269|[from] item: Life Orb\n|\n|upkeep\n|\n|t:|1685320092\n|switch|p2a: Decidueye|Decidueye, L86, M|101/274\n|turn|19\n|\n|t:|1685320101\n|switch|p1a: Manectric|Manectric, L86, M|261/261\n|move|p2a: Decidueye|Leaf Blade|p1a: Manectric\n|-damage|p1a: Manectric|82/261\n|-damage|p2a: Decidueye|74/274|[from] item: Life Orb\n|\n|-heal|p1a: Manectric|98/261|[from] item: Leftovers\n|upkeep\n|turn|20\n|\n|t:|1685320118\n|move|p1a: Manectric|Volt Switch|p2a: Decidueye\n|-resisted|p2a: Decidueye\n|-damage|p2a: Decidueye|35/274\n|\n|t:|1685320124\n|switch|p1a: Ditto|Ditto, L76|198/198|[from] Volt Switch\n|-transform|p1a: Ditto|p2a: Decidueye|[from] ability: Imposter\n|move|p2a: Decidueye|Leaf Blade|p1a: Ditto\n|-resisted|p1a: Ditto\n|-damage|p1a: Ditto|89/198\n|-damage|p2a: Decidueye|8/274|[from] item: Life Orb\n|\n|upkeep\n|turn|21\n|\n|t:|1685320137\n|move|p1a: Ditto|Poltergeist|p2a: Decidueye|[miss]\n|-miss|p1a: Ditto|p2a: Decidueye\n|move|p2a: Decidueye|Brave Bird|p1a: Ditto\n|-supereffective|p1a: Ditto\n|-damage|p1a: Ditto|0 fnt\n|faint|p1a: Ditto\n|-damage|p2a: Decidueye|0 fnt|[from] Recoil\n|faint|p2a: Decidueye\n|\n|upkeep\n|\n|t:|1685320161\n|switch|p2a: Latias|Latias, L80, F|259/259\n|switch|p1a: Manectric|Manectric, L86, M|98/261\n|turn|22\n|\n|t:|1685320175\n|move|p1a: Manectric|Switcheroo|p2a: Latias\n|-activate|p1a: Manectric|move: Trick|[of] p2a: Latias\n|-item|p2a: Latias|Leftovers|[from] move: Switcheroo\n|-item|p1a: Manectric|Leftovers|[from] move: Switcheroo\n|move|p2a: Latias|Calm Mind|p2a: Latias\n|-boost|p2a: Latias|spa|1\n|-boost|p2a: Latias|spd|1\n|\n|-heal|p1a: Manectric|114/261|[from] item: Leftovers\n|upkeep\n|turn|23\n|\n|t:|1685320188\n|move|p1a: Manectric|Thunderbolt|p2a: Latias\n|-resisted|p2a: Latias\n|-damage|p2a: Latias|231/259\n|move|p2a: Latias|Calm Mind|p2a: Latias\n|-boost|p2a: Latias|spa|1\n|-boost|p2a: Latias|spd|1\n|\n|-heal|p1a: Manectric|130/261|[from] item: Leftovers\n|-heal|p2a: Latias|247/259|[from] item: Leftovers\n|upkeep\n|turn|24\n|\n|t:|1685320200\n|move|p1a: Manectric|Thunderbolt|p2a: Latias\n|-resisted|p2a: Latias\n|-damage|p2a: Latias|228/259\n|move|p2a: Latias|Psychic|p1a: Manectric\n|-crit|p1a: Manectric\n|-damage|p1a: Manectric|0 fnt\n|faint|p1a: Manectric\n|\n|-heal|p2a: Latias|244/259|[from] item: Leftovers\n|upkeep\n|\n|t:|1685320211\n|switch|p1a: Sandslash|Sandslash, L86, M|243/269\n|turn|25\n|\n|t:|1685320220\n|-start|p1a: Sandslash|Dynamax|\n|-heal|p1a: Sandslash|486/538|[silent]\n|move|p2a: Latias|Psychic|p1a: Sandslash\n|-damage|p1a: Sandslash|245/538\n|move|p1a: Sandslash|Max Darkness|p2a: Latias\n|-supereffective|p2a: Latias\n|-damage|p2a: Latias|2/259\n|-unboost|p2a: Latias|spd|1\n|-damage|p1a: Sandslash|219/538|[from] item: Life Orb\n|\n|-heal|p2a: Latias|18/259|[from] item: Leftovers\n|upkeep\n|turn|26\n|\n|t:|1685320239\n|move|p1a: Sandslash|Max Guard|p1a: Sandslash\n|-singleturn|p1a: Sandslash|Max Guard\n|move|p2a: Latias|Draco Meteor|p1a: Sandslash\n|-activate|p1a: Sandslash|move: Max Guard\n|\n|-heal|p2a: Latias|34/259|[from] item: Leftovers\n|upkeep\n|turn|27\n|\n|t:|1685320246\n|move|p2a: Latias|Draco Meteor|p1a: Sandslash\n|-damage|p1a: Sandslash|0 fnt\n|-unboost|p2a: Latias|spa|2\n|faint|p1a: Sandslash\n|\n|-heal|p2a: Latias|50/259|[from] item: Leftovers\n|upkeep\n|\n|t:|1685320254\n|switch|p1a: Kyurem|Kyurem, L80|331/331\n|-ability|p1a: Kyurem|Pressure\n|turn|28\n|\n|t:|1685320261\n|move|p2a: Latias|Draco Meteor|p1a: Kyurem\n|-supereffective|p1a: Kyurem\n|-damage|p1a: Kyurem|23/331\n|-unboost|p2a: Latias|spa|2\n|move|p1a: Kyurem|Ice Beam|p2a: Latias\n|-supereffective|p2a: Latias\n|-crit|p2a: Latias\n|-damage|p2a: Latias|0 fnt\n|faint|p2a: Latias\n|\n|upkeep\n|\n|t:|1685320271\n|switch|p2a: Calyrex|Calyrex-Shadow, L65|238/238\n|-ability|p2a: Calyrex|As One\n|-ability|p2a: Calyrex|Unnerve\n|turn|29\n|\n|t:|1685320280\n|-start|p2a: Calyrex|Dynamax|\n|-heal|p2a: Calyrex|476/476|[silent]\n|move|p2a: Calyrex|Max Phantasm|p1a: Kyurem\n|-damage|p1a: Kyurem|0 fnt\n|faint|p1a: Kyurem\n|\n|win|neksneks\n|raw|Assholessss's rating: 1000 &rarr; <strong>1000</strong><br />(+0 for losing)\n|raw|neksneks's rating: 1000 &rarr; <strong>1040</strong><br />(+40 for winning)\n|l|\u2606Assholessss\n", "inputlog": ">version 6fec31d5a0d4498a06105aa188c9906bc0b6bf95\n>start {\"formatid\":\"gen8randombattle\",\"seed\":[1900,61581,38468,47054],\"rated\":\"Rated battle\"}\n>player p1 {\"name\":\"Assholessss\",\"avatar\":\"102\",\"rating\":1000,\"seed\":[51688,38754,58887,144]}\n>player p2 {\"name\":\"neksneks\",\"avatar\":\"101\",\"rating\":1000,\"seed\":[36015,41698,62583,22211]}\n>p1 switch 6\n>p2 move dragonpulse\n>p1 move zingzap\n>p2 switch 4\n>p1 switch 2\n>p2 move lavaplume\n>p1 move taunt\n>p2 move taunt\n>p1 switch 5\n>p2 switch 6\n>p1 move fly\n>p2 move scald\n>p1 move fly\n>p2 move banefulbunker\n>p1 move earthquake\n>p2 move scald\n>p1 switch 2\n>p2 switch 5\n>p1 move zingzap\n>p2 switch 6\n>p1 move uturn\n>p2 move taunt\n>p1 switch 5\n>p1 switch 2\n>p2 switch 5\n>p1 move earthquake\n>p2 switch 6\n>p1 switch 5\n>p1 move zingzap\n>p2 switch 2\n>p1 move ironhead\n>p2 move poltergeist\n>p1 switch 3\n>p1 move switcheroo\n>p2 switch 5\n>p1 move voltswitch\n>p2 move taunt\n>p1 switch 4\n>p1 move knockoff\n>p2 move taunt\n>p2 switch 5\n>p1 switch 4\n>p2 move leafblade\n>p1 move voltswitch\n>p2 move leafblade\n>p1 switch 2\n>p1 move poltergeist\n>p2 move bravebird\n>p1 switch 2\n>p2 switch 2\n>p1 move switcheroo\n>p2 move calmmind\n>p1 move thunderbolt\n>p2 move calmmind\n>p1 move thunderbolt\n>p2 move psychic\n>p1 switch 4\n>p1 move knockoff dynamax\n>p2 move psychic\n>p1 move swordsdance dynamax\n>p2 move dracometeor\n>p1 move knockoff dynamax\n>p2 move dracometeor\n>p1 switch 6\n>p1 move icebeam\n>p2 move dracometeor\n>p2 switch 3\n>p1 move icebeam\n>p2 move astralbarrage dynamax", "uploadtime": 1685320294, "views": 6, "p1id": "assholessss", "p2id": "neksneks", "formatid": "gen8randombattle", "rating": 1000, "private": 0, "password": ""}