{"id": "gen8randombattle-1861862963", "p1": "Hilda2021", "p2": "lui 2022", "format": "[Gen 8] Random Battle", "log": "|j|\u2606Hilda2021\n|j|\u2606lui 2022\n|t:|1683815925\n|gametype|singles\n|player|p1|Hilda2021|hilda|\n|player|p2|lui 2022|265|\n|teamsize|p1|6\n|teamsize|p2|6\n|gen|8\n|tier|[Gen 8] Random Battle\n|rule|Species Clause: Limit one of each Pok\u00e9mon\n|rule|HP Percentage Mod: HP is shown in percentages\n|rule|Sleep Clause Mod: Limit one foe put to sleep\n|\n|t:|1683815925\n|start\n|switch|p1a: Lunatone|Lunatone, L86|295/295\n|switch|p2a: Relicanth|Relicanth, L86, M|312/312\n|turn|1\n|\n|t:|1683815994\n|-start|p2a: Relicanth|Dynamax|\n|-heal|p2a: Relicanth|624/624|[silent]\n|move|p1a: Lunatone|Nasty Plot|p1a: Lunatone\n|-boost|p1a: Lunatone|spa|2\n|move|p2a: Relicanth|Max Geyser|p1a: Lunatone\n|-supereffective|p1a: Lunatone\n|-damage|p1a: Lunatone|0 fnt\n|-weather|RainDance\n|faint|p1a: Lunatone\n|\n|-weather|RainDance|[upkeep]\n|upkeep\n|\n|t:|1683816019\n|switch|p1a: Celebi|Celebi, L82|298/298\n|turn|2\n|\n|t:|1683816038\n|move|p1a: Celebi|Giga Drain|p2a: Relicanth\n|-supereffective|p2a: Relicanth\n|-damage|p2a: Relicanth|260/624\n|move|p2a: Relicanth|Max Rockfall|p1a: Celebi\n|-damage|p1a: Celebi|163/298\n|-weather|Sandstorm\n|\n|-weather|Sandstorm|[upkeep]\n|-damage|p1a: Celebi|145/298|[from] Sandstorm\n|-heal|p1a: Celebi|163/298|[from] item: Leftovers\n|-heal|p2a: Relicanth|279/624|[from] item: Leftovers\n|upkeep\n|turn|3\n|\n|t:|1683816062\n|-end|p2a: Relicanth|Dynamax\n|-heal|p2a: Relicanth|140/312|[silent]\n|switch|p2a: Malamar|Malamar, L80, M|269/269\n|move|p1a: Celebi|Giga Drain|p2a: Malamar\n|-damage|p2a: Malamar|182/269\n|-heal|p1a: Celebi|207/298|[from] drain|[of] p2a: Malamar\n|\n|-weather|Sandstorm|[upkeep]\n|-damage|p1a: Celebi|189/298|[from] Sandstorm\n|-damage|p2a: Malamar|166/269|[from] Sandstorm\n|-heal|p1a: Celebi|207/298|[from] item: Leftovers\n|-heal|p2a: Malamar|182/269|[from] item: Leftovers\n|upkeep\n|turn|4\n|\n|t:|1683816101\n|switch|p1a: Turtonator|Turtonator, L84, F|238/238\n|move|p2a: Malamar|Knock Off|p1a: Turtonator\n|-damage|p1a: Turtonator|171/238\n|-enditem|p1a: Turtonator|White Herb|[from] move: Knock Off|[of] p2a: Malamar\n|\n|-weather|Sandstorm|[upkeep]\n|-damage|p2a: Malamar|166/269|[from] Sandstorm\n|-damage|p1a: Turtonator|157/238|[from] Sandstorm\n|-heal|p2a: Malamar|182/269|[from] item: Leftovers\n|upkeep\n|turn|5\n|\n|t:|1683816182\n|switch|p2a: Seismitoad|Seismitoad, L84, F|314/314\n|move|p1a: Turtonator|Will-O-Wisp|p2a: Seismitoad\n|-status|p2a: Seismitoad|brn\n|\n|-weather|Sandstorm|[upkeep]\n|-damage|p1a: Turtonator|143/238|[from] Sandstorm\n|-damage|p2a: Seismitoad|295/314 brn|[from] brn\n|upkeep\n|turn|6\n|\n|t:|1683816216\n|switch|p1a: Celebi|Celebi, L82|207/298\n|move|p2a: Seismitoad|Sludge Bomb|p1a: Celebi\n|-supereffective|p1a: Celebi\n|-damage|p1a: Celebi|74/298\n|-damage|p2a: Seismitoad|264/314 brn|[from] item: Life Orb\n|\n|-weather|none\n|-heal|p1a: Celebi|92/298|[from] item: Leftovers\n|-damage|p2a: Seismitoad|245/314 brn|[from] brn\n|upkeep\n|turn|7\n|\n|t:|1683816241\n|switch|p2a: Ho-Oh|Ho-Oh, L72|272/272\n|move|p1a: Celebi|Giga Drain|p2a: Ho-Oh\n|-resisted|p2a: Ho-Oh\n|-damage|p2a: Ho-Oh|259/272\n|-heal|p1a: Celebi|99/298|[from] drain|[of] p2a: Ho-Oh\n|\n|-heal|p1a: Celebi|117/298|[from] item: Leftovers\n|upkeep\n|turn|8\n|\n|t:|1683816255\n|switch|p1a: Turtonator|Turtonator, L84, F|143/238\n|move|p2a: Ho-Oh|Sacred Fire|p1a: Turtonator\n|-resisted|p1a: Turtonator\n|-damage|p1a: Turtonator|125/238\n|\n|upkeep\n|turn|9\n|\n|t:|1683816264\n|move|p2a: Ho-Oh|Toxic|p1a: Turtonator\n|-status|p1a: Turtonator|tox\n|move|p1a: Turtonator|Shell Smash|p1a: Turtonator\n|-unboost|p1a: Turtonator|def|1\n|-unboost|p1a: Turtonator|spd|1\n|-boost|p1a: Turtonator|atk|2\n|-boost|p1a: Turtonator|spa|2\n|-boost|p1a: Turtonator|spe|2\n|\n|-damage|p1a: Turtonator|111/238 tox|[from] psn\n|upkeep\n|turn|10\n|\n|t:|1683816275\n|move|p1a: Turtonator|Draco Meteor|p2a: Ho-Oh\n|-damage|p2a: Ho-Oh|49/272\n|-unboost|p1a: Turtonator|spa|2\n|move|p2a: Ho-Oh|Brave Bird|p1a: Turtonator\n|-damage|p1a: Turtonator|0 fnt\n|faint|p1a: Turtonator\n|-damage|p2a: Ho-Oh|12/272|[from] Recoil\n|\n|upkeep\n|\n|t:|1683816308\n|switch|p1a: Celebi|Celebi, L82|117/298\n|turn|11\n|\n|t:|1683816321\n|move|p1a: Celebi|Psychic|p2a: Ho-Oh\n|-damage|p2a: Ho-Oh|0 fnt\n|faint|p2a: Ho-Oh\n|\n|-heal|p1a: Celebi|135/298|[from] item: Leftovers\n|upkeep\n|\n|t:|1683816342\n|switch|p2a: Malamar|Malamar, L80, M|182/269\n|turn|12\n|\n|t:|1683816360\n|move|p1a: Celebi|Giga Drain|p2a: Malamar\n|-damage|p2a: Malamar|89/269\n|-heal|p1a: Celebi|182/298|[from] drain|[of] p2a: Malamar\n|move|p2a: Malamar|Superpower|p1a: Celebi\n|-resisted|p1a: Celebi\n|-damage|p1a: Celebi|148/298\n|-boost|p2a: Malamar|atk|1\n|-boost|p2a: Malamar|def|1\n|\n|-heal|p1a: Celebi|166/298|[from] item: Leftovers\n|-heal|p2a: Malamar|105/269|[from] item: Leftovers\n|upkeep\n|turn|13\n|\n|t:|1683816380\n|switch|p2a: Aromatisse|Aromatisse, L88, F|321/321\n|move|p1a: Celebi|Giga Drain|p2a: Aromatisse\n|-damage|p2a: Aromatisse|246/321\n|-heal|p1a: Celebi|204/298|[from] drain|[of] p2a: Aromatisse\n|\n|-heal|p1a: Celebi|222/298|[from] item: Leftovers\n|-heal|p2a: Aromatisse|266/321|[from] item: Leftovers\n|upkeep\n|turn|14\n|\n|t:|1683816392\n|move|p1a: Celebi|Nasty Plot|p1a: Celebi\n|-boost|p1a: Celebi|spa|2\n|move|p2a: Aromatisse|Toxic|p1a: Celebi|[miss]\n|-miss|p2a: Aromatisse|p1a: Celebi\n|\n|-heal|p1a: Celebi|240/298|[from] item: Leftovers\n|-heal|p2a: Aromatisse|286/321|[from] item: Leftovers\n|upkeep\n|turn|15\n|\n|t:|1683816403\n|move|p1a: Celebi|Psychic|p2a: Aromatisse\n|-damage|p2a: Aromatisse|108/321\n|move|p2a: Aromatisse|Toxic|p1a: Celebi\n|-status|p1a: Celebi|tox\n|\n|-heal|p1a: Celebi|258/298 tox|[from] item: Leftovers\n|-heal|p2a: Aromatisse|128/321|[from] item: Leftovers\n|-damage|p1a: Celebi|240/298 tox|[from] psn\n|upkeep\n|turn|16\n|\n|t:|1683816414\n|move|p2a: Aromatisse|Protect|p2a: Aromatisse\n|-singleturn|p2a: Aromatisse|Protect\n|move|p1a: Celebi|Giga Drain|p2a: Aromatisse\n|-activate|p2a: Aromatisse|move: Protect\n|\n|-heal|p1a: Celebi|258/298 tox|[from] item: Leftovers\n|-heal|p2a: Aromatisse|148/321|[from] item: Leftovers\n|-damage|p1a: Celebi|222/298 tox|[from] psn\n|upkeep\n|turn|17\n|\n|t:|1683816425\n|move|p2a: Aromatisse|Protect|p2a: Aromatisse\n|-singleturn|p2a: Aromatisse|Protect\n|move|p1a: Celebi|Giga Drain|p2a: Aromatisse\n|-activate|p2a: Aromatisse|move: Protect\n|\n|-heal|p1a: Celebi|240/298 tox|[from] item: Leftovers\n|-heal|p2a: Aromatisse|168/321|[from] item: Leftovers\n|-damage|p1a: Celebi|186/298 tox|[from] psn\n|upkeep\n|turn|18\n|\n|t:|1683816442\n|move|p2a: Aromatisse|Protect||[still]\n|-fail|p2a: Aromatisse\n|move|p1a: Celebi|Psychic|p2a: Aromatisse\n|-damage|p2a: Aromatisse|0 fnt\n|faint|p2a: Aromatisse\n|\n|-heal|p1a: Celebi|204/298 tox|[from] item: Leftovers\n|-damage|p1a: Celebi|132/298 tox|[from] psn\n|upkeep\n|\n|t:|1683816459\n|switch|p2a: Cobalion|Cobalion, L78|270/270\n|turn|19\n|\n|t:|1683816467\n|-curestatus|p1a: Celebi|tox|[from] ability: Natural Cure\n|switch|p1a: Sirfetch\u2019d|Sirfetch\u2019d, L82, F|236/236\n|move|p2a: Cobalion|Close Combat|p1a: Sirfetch\u2019d\n|-damage|p1a: Sirfetch\u2019d|142/236\n|-unboost|p2a: Cobalion|def|1\n|-unboost|p2a: Cobalion|spd|1\n|\n|upkeep\n|turn|20\n|\n|t:|1683816492\n|move|p2a: Cobalion|Close Combat|p1a: Sirfetch\u2019d\n|-damage|p1a: Sirfetch\u2019d|34/236\n|-unboost|p2a: Cobalion|def|1\n|-unboost|p2a: Cobalion|spd|1\n|move|p1a: Sirfetch\u2019d|Close Combat|p2a: Cobalion\n|-supereffective|p2a: Cobalion\n|-damage|p2a: Cobalion|0 fnt\n|-unboost|p1a: Sirfetch\u2019d|def|1\n|-unboost|p1a: Sirfetch\u2019d|spd|1\n|faint|p2a: Cobalion\n|-damage|p1a: Sirfetch\u2019d|11/236|[from] item: Life Orb\n|\n|upkeep\n|\n|t:|1683816509\n|switch|p2a: Malamar|Malamar, L80, M|105/269\n|turn|21\n|\n|t:|1683816518\n|move|p2a: Malamar|Knock Off|p1a: Sirfetch\u2019d\n|-resisted|p1a: Sirfetch\u2019d\n|-damage|p1a: Sirfetch\u2019d|0 fnt\n|-enditem|p1a: Sirfetch\u2019d|Life Orb|[from] move: Knock Off|[of] p2a: Malamar\n|faint|p1a: Sirfetch\u2019d\n|\n|-heal|p2a: Malamar|121/269|[from] item: Leftovers\n|upkeep\n|\n|t:|1683816549\n|switch|p1a: Gyarados|Gyarados, L76, M|269/269\n|turn|22\n|\n|t:|1683816559\n|-start|p1a: Gyarados|Dynamax|\n|-heal|p1a: Gyarados|538/538|[silent]\n|move|p1a: Gyarados|Max Geyser|p2a: Malamar\n|-damage|p2a: Malamar|0 fnt\n|-weather|RainDance\n|faint|p2a: Malamar\n|-ability|p1a: Gyarados|Moxie|boost\n|-boost|p1a: Gyarados|atk|1\n|\n|-weather|RainDance|[upkeep]\n|upkeep\n|\n|t:|1683816572\n|switch|p2a: Relicanth|Relicanth, L86, M|140/312\n|turn|23\n|\n|t:|1683816582\n|move|p1a: Gyarados|Max Quake|p2a: Relicanth\n|-supereffective|p2a: Relicanth\n|-damage|p2a: Relicanth|0 fnt\n|-boost|p1a: Gyarados|spd|1\n|faint|p2a: Relicanth\n|-ability|p1a: Gyarados|Moxie|boost\n|-boost|p1a: Gyarados|atk|1\n|\n|-weather|RainDance|[upkeep]\n|upkeep\n|\n|t:|1683816593\n|switch|p2a: Seismitoad|Seismitoad, L84, F|245/314 brn\n|turn|24\n|\n|t:|1683816599\n|move|p2a: Seismitoad|Sludge Bomb|p1a: Gyarados\n|-damage|p1a: Gyarados|485/538\n|-status|p1a: Gyarados|psn\n|-damage|p2a: Seismitoad|214/314 brn|[from] item: Life Orb\n|move|p1a: Gyarados|Max Overgrowth|p2a: Seismitoad\n|-supereffective|p2a: Seismitoad\n|-damage|p2a: Seismitoad|0 fnt\n|-fieldstart|move: Grassy Terrain\n|faint|p2a: Seismitoad\n|\n|win|Hilda2021\n", "inputlog": ">version bce759c5f189753f4322d11c9e5aa78bbe1b1bf9\n>start {\"formatid\":\"gen8randombattle\",\"seed\":[27267,15515,3587,37439]}\n>player p1 {\"name\":\"Hilda2021\",\"avatar\":\"hilda\",\"rating\":0,\"seed\":[52550,46161,18347,41680]}\n>player p2 {\"name\":\"lui 2022\",\"avatar\":\"265\",\"rating\":0,\"seed\":[45127,53678,41202,41093]}\n>p1 move nastyplot\n>p2 move liquidation dynamax\n>p1 switch 5\n>p1 move gigadrain\n>p2 move headsmash dynamax\n>p1 move gigadrain\n>p2 switch 5\n>p1 switch 3\n>p2 move knockoff\n>p1 move willowisp\n>p2 switch 4\n>p1 switch 3\n>p2 move sludgebomb\n>p1 move gigadrain\n>p2 switch 2\n>p1 switch 3\n>p2 move sacredfire\n>p1 move shellsmash\n>p2 move toxic\n>p1 move dracometeor\n>p2 move bravebird\n>p1 switch 3\n>p1 move psychic\n>p2 move sacredfire\n>p2 switch 4\n>p1 move gigadrain\n>p2 move superpower\n>p1 move gigadrain\n>p2 switch 3\n>p1 move nastyplot\n>p2 move toxic\n>p1 move psychic\n>p2 move toxic\n>p1 move gigadrain\n>p2 move protect\n>p1 move gigadrain\n>p2 move protect\n>p1 move psychic\n>p2 move protect\n>p2 switch 6\n>p1 switch 4\n>p2 move closecombat\n>p1 move closecombat\n>p2 move closecombat\n>p2 switch 3\n>p1 move closecombat\n>p2 move knockoff\n>p1 switch 6\n>p1 move waterfall dynamax\n>p2 move rest\n>p2 switch 5\n>p1 move earthquake dynamax\n>p2 move yawn\n>p2 switch 2\n>p1 move powerwhip dynamax\n>p2 move sludgebomb", "uploadtime": 1683816612, "views": 5, "p1id": "hilda2021", "p2id": "lui2022", "formatid": "gen8randombattle", "rating": 0, "private": 0, "password": ""}