|j|☆Miss Novelist
|j|☆Bka Onon
|t:|1685113751
|gametype|singles
|player|p1|Miss Novelist|veteranf|
|player|p2|Bka Onon|amelia-shuffle|
|teamsize|p1|6
|teamsize|p2|6
|gen|8
|tier|[Gen 8] Random Battle
|rule|Species Clause: Limit one of each Pokémon
|rule|HP Percentage Mod: HP is shown in percentages
|rule|Sleep Clause Mod: Limit one foe put to sleep
|
|t:|1685113751
|start
|switch|p1a: Perrserker|Perrserker, L86, F|261/261
|switch|p2a: Goodra|Goodra, L82, M|282/282
|turn|1
|c|☆Bka Onon|hf
|c|☆Miss Novelist|glhf!
|
|t:|1685113778
|move|p2a: Goodra|Fire Blast|p1a: Perrserker
|-supereffective|p1a: Perrserker
|-damage|p1a: Perrserker|39/261
|-status|p1a: Perrserker|brn
|move|p1a: Perrserker|U-turn|p2a: Goodra
|-damage|p2a: Goodra|227/282
|c|☆Bka Onon|mb
|
|t:|1685113795
|switch|p1a: Wobbuffet|Wobbuffet, L92, F|499/499|[from] U-turn
|
|upkeep
|turn|2
|c|☆Miss Novelist|Can happen
|
|t:|1685113809
|move|p2a: Goodra|Draco Meteor|p1a: Wobbuffet
|-damage|p1a: Wobbuffet|321/499
|-unboost|p2a: Goodra|spa|2
|move|p1a: Wobbuffet|Encore|p2a: Goodra
|-start|p2a: Goodra|Encore
|
|upkeep
|turn|3
|
|t:|1685113814
|move|p2a: Goodra|Draco Meteor|p1a: Wobbuffet
|-damage|p1a: Wobbuffet|228/499
|-unboost|p2a: Goodra|spa|2
|-enditem|p1a: Wobbuffet|Sitrus Berry|[eat]
|-heal|p1a: Wobbuffet|352/499|[from] item: Sitrus Berry
|move|p1a: Wobbuffet|Mirror Coat|p2a: Goodra
|-damage|p2a: Goodra|41/282
|
|upkeep
|turn|4
|
|t:|1685113821
|move|p2a: Goodra|Draco Meteor|p1a: Wobbuffet
|-damage|p1a: Wobbuffet|291/499
|-unboost|p2a: Goodra|spa|2
|move|p1a: Wobbuffet|Mirror Coat|p2a: Goodra
|-damage|p2a: Goodra|0 fnt
|faint|p2a: Goodra
|
|upkeep
|
|t:|1685113859
|switch|p2a: Bouffalant|Bouffalant, L84, F|297/297
|turn|5
|
|t:|1685113877
|move|p2a: Bouffalant|Megahorn|p1a: Wobbuffet
|-supereffective|p1a: Wobbuffet
|-damage|p1a: Wobbuffet|0 fnt
|faint|p1a: Wobbuffet
|
|upkeep
|
|t:|1685113890
|switch|p1a: Perrserker|Perrserker, L86, F|39/261 brn
|turn|6
|
|t:|1685113897
|move|p2a: Bouffalant|Megahorn|p1a: Perrserker
|-resisted|p1a: Perrserker
|-damage|p1a: Perrserker|0 fnt
|faint|p1a: Perrserker
|
|upkeep
|
|t:|1685113917
|switch|p1a: Hitmonlee|Hitmonlee, L84, M|221/221
|turn|7
|
|t:|1685113943
|switch|p2a: Mew|Mew, L80|291/291
|move|p1a: Hitmonlee|Curse|p1a: Hitmonlee
|-unboost|p1a: Hitmonlee|spe|1
|-boost|p1a: Hitmonlee|atk|1
|-boost|p1a: Hitmonlee|def|1
|-enditem|p1a: Hitmonlee|White Herb
|-clearnegativeboost|p1a: Hitmonlee|[silent]
|
|upkeep
|turn|8
|
|t:|1685113954
|move|p1a: Hitmonlee|Stone Edge|p2a: Mew
|-damage|p2a: Mew|177/291
|move|p2a: Mew|Psychic Fangs|p1a: Hitmonlee
|-supereffective|p1a: Hitmonlee
|-damage|p1a: Hitmonlee|0 fnt
|faint|p1a: Hitmonlee
|
|upkeep
|
|t:|1685113965
|switch|p1a: Dracozolt|Dracozolt, L78|268/268
|turn|9
|
|t:|1685113981
|switch|p2a: Gigalith|Gigalith, L82, F|274/274
|-weather|Sandstorm|[from] ability: Sand Stream|[of] p2a: Gigalith
|move|p1a: Dracozolt|Bolt Beak|p2a: Gigalith
|-damage|p2a: Gigalith|108/274
|
|-weather|Sandstorm|[upkeep]
|-damage|p1a: Dracozolt|252/268|[from] Sandstorm
|-heal|p2a: Gigalith|125/274|[from] item: Leftovers
|upkeep
|turn|10
|
|t:|1685113987
|move|p1a: Dracozolt|Bolt Beak|p2a: Gigalith
|-damage|p2a: Gigalith|0 fnt
|faint|p2a: Gigalith
|
|-weather|Sandstorm|[upkeep]
|-damage|p1a: Dracozolt|236/268|[from] Sandstorm
|upkeep
|
|t:|1685113996
|switch|p2a: Heliolisk|Heliolisk, L82, F|236/236
|turn|11
|
|t:|1685114006
|switch|p1a: Alcremie|Alcremie, L86, F|252/252
|move|p2a: Heliolisk|Hyper Voice|p1a: Alcremie
|-damage|p1a: Alcremie|141/252
|
|-weather|Sandstorm|[upkeep]
|-damage|p2a: Heliolisk|222/236|[from] Sandstorm
|-damage|p1a: Alcremie|126/252|[from] Sandstorm
|-heal|p1a: Alcremie|141/252|[from] item: Leftovers
|upkeep
|turn|12
|
|t:|1685114018
|switch|p2a: Bouffalant|Bouffalant, L84, F|297/297
|move|p1a: Alcremie|Recover|p1a: Alcremie
|-heal|p1a: Alcremie|252/252
|
|-weather|Sandstorm|[upkeep]
|-damage|p1a: Alcremie|237/252|[from] Sandstorm
|-damage|p2a: Bouffalant|279/297|[from] Sandstorm
|-heal|p1a: Alcremie|252/252|[from] item: Leftovers
|upkeep
|turn|13
|
|t:|1685114031
|move|p1a: Alcremie|Calm Mind|p1a: Alcremie
|-boost|p1a: Alcremie|spa|1
|-boost|p1a: Alcremie|spd|1
|move|p2a: Bouffalant|Head Charge|p1a: Alcremie
|-damage|p1a: Alcremie|41/252
|-damage|p2a: Bouffalant|226/297|[from] Recoil
|
|-weather|none
|-heal|p1a: Alcremie|56/252|[from] item: Leftovers
|upkeep
|turn|14
|
|t:|1685114041
|move|p1a: Alcremie|Dazzling Gleam|p2a: Bouffalant
|-damage|p2a: Bouffalant|88/297
|move|p2a: Bouffalant|Head Charge|p1a: Alcremie
|-damage|p1a: Alcremie|0 fnt
|faint|p1a: Alcremie
|-damage|p2a: Bouffalant|74/297|[from] Recoil
|
|upkeep
|
|t:|1685114054
|switch|p1a: Magmortar|Magmortar, L86, F|269/269
|turn|15
|j| ArkenCiel
|
|t:|1685114066
|move|p1a: Magmortar|Psychic|p2a: Bouffalant
|-damage|p2a: Bouffalant|0 fnt
|faint|p2a: Bouffalant
|
|upkeep
|
|t:|1685114082
|switch|p2a: Mew|Mew, L80|177/291
|turn|16
|
|t:|1685114089
|move|p2a: Mew|Psychic Fangs|p1a: Magmortar
|-damage|p1a: Magmortar|112/269
|move|p1a: Magmortar|Fire Blast|p2a: Mew
|-damage|p2a: Mew|39/291
|
|upkeep
|turn|17
|c| ArkenCiel|what round is this
|c|☆Bka Onon|1
|
|t:|1685114101
|move|p2a: Mew|Psychic Fangs|p1a: Magmortar
|-damage|p1a: Magmortar|0 fnt
|faint|p1a: Magmortar
|
|upkeep
|
|t:|1685114106
|switch|p1a: Dracozolt|Dracozolt, L78|236/268
|turn|18
|
|t:|1685114133
|-start|p1a: Dracozolt|Dynamax|
|-heal|p1a: Dracozolt|472/536|[silent]
|move|p2a: Mew|Psychic Fangs|p1a: Dracozolt
|-damage|p1a: Dracozolt|340/536
|move|p1a: Dracozolt|Max Airstream|p2a: Mew
|-damage|p2a: Mew|0 fnt
|-boost|p1a: Dracozolt|spe|1
|faint|p2a: Mew
|
|upkeep
|
|t:|1685114145
|switch|p2a: Grapploct|Grapploct, L86, F|278/278
|turn|19
|
|t:|1685114153
|-start|p2a: Grapploct|Dynamax|
|-heal|p2a: Grapploct|556/556|[silent]
|move|p2a: Grapploct|Max Guard|p2a: Grapploct
|-singleturn|p2a: Grapploct|Max Guard
|move|p1a: Dracozolt|Max Wyrmwind|p2a: Grapploct
|-activate|p2a: Grapploct|move: Max Guard
|
|upkeep
|turn|20
|
|t:|1685114162
|move|p1a: Dracozolt|Max Wyrmwind|p2a: Grapploct
|-damage|p2a: Grapploct|381/556
|-unboost|p2a: Grapploct|atk|1
|move|p2a: Grapploct|Max Knuckle|p1a: Dracozolt
|-damage|p1a: Dracozolt|233/536
|-boost|p2a: Grapploct|atk|1
|-damage|p2a: Grapploct|354/556|[from] item: Life Orb
|
|upkeep
|-end|p1a: Dracozolt|Dynamax
|-heal|p1a: Dracozolt|117/268|[silent]
|turn|21
|
|t:|1685114181
|move|p1a: Dracozolt|Outrage|p2a: Grapploct
|-damage|p2a: Grapploct|191/556
|move|p2a: Grapploct|Max Hailstorm|p1a: Dracozolt
|-supereffective|p1a: Dracozolt
|-damage|p1a: Dracozolt|0 fnt
|-weather|Hail
|faint|p1a: Dracozolt
|-damage|p2a: Grapploct|164/556|[from] item: Life Orb
|
|win|Bka Onon
|c|☆Miss Novelist|gg
|c|☆Bka Onon|gg
|c|☆Miss Novelist|Ready for g2?
