{"id": "gen8randombattle-1871584331", "p1": "PrinceOfAllTacos", "p2": "Ev_Evan", "format": "[Gen 8] Random Battle", "log": "|j|\u2606PrinceOfAllTacos\n|j|\u2606Ev_Evan\n|t:|1685109603\n|gametype|singles\n|player|p1|PrinceOfAllTacos|#psplxtournaments|\n|player|p2|Ev_Evan|volkner|\n|teamsize|p1|6\n|teamsize|p2|6\n|gen|8\n|tier|[Gen 8] Random Battle\n|rule|Species Clause: Limit one of each Pok\u00e9mon\n|rule|HP Percentage Mod: HP is shown in percentages\n|rule|Sleep Clause Mod: Limit one foe put to sleep\n|\n|t:|1685109603\n|start\n|switch|p1a: Arctozolt|Arctozolt, L86|295/295\n|switch|p2a: Silvally|Silvally-Fighting, L84|297/297\n|turn|1\n|inactive|Battle timer is ON: inactive players will automatically lose when time's up. (requested by Ev_Evan)\n|c|\u2606PrinceOfAllTacos|gl hf\n|\n|t:|1685109627\n|switch|p1a: Musharna|Musharna, L86, F|340/340\n|move|p2a: Silvally|Multi-Attack|p1a: Musharna\n|-resisted|p1a: Musharna\n|-damage|p1a: Musharna|279/340\n|\n|-heal|p1a: Musharna|300/340|[from] item: Leftovers\n|upkeep\n|turn|2\n|c|\u2606Ev_Evan|gl\n|inactive|Ev_Evan has 270 seconds left.\n|\n|t:|1685109664\n|switch|p2a: Meowstic|Meowstic, L84, M|262/262\n|move|p1a: Musharna|Calm Mind|p1a: Musharna\n|-boost|p1a: Musharna|spa|1\n|-boost|p1a: Musharna|spd|1\n|\n|-heal|p1a: Musharna|321/340|[from] item: Leftovers\n|upkeep\n|turn|3\n|\n|t:|1685109671\n|move|p2a: Meowstic|Thunder Wave|p1a: Musharna\n|-status|p1a: Musharna|par\n|-activate|p1a: Musharna|ability: Synchronize\n|-status|p2a: Meowstic|par\n|move|p1a: Musharna|Moonblast|p2a: Meowstic\n|-damage|p2a: Meowstic|151/262 par\n|-unboost|p2a: Meowstic|spa|1\n|\n|-heal|p1a: Musharna|340/340 par|[from] item: Leftovers\n|upkeep\n|turn|4\n|inactive|Ev_Evan has 270 seconds left.\n|\n|t:|1685109688\n|switch|p2a: Durant|Durant, L78, M|219/219\n|move|p1a: Musharna|Calm Mind|p1a: Musharna\n|-boost|p1a: Musharna|spa|1\n|-boost|p1a: Musharna|spd|1\n|\n|upkeep\n|turn|5\n|inactive|Ev_Evan has 270 seconds left.\n|\n|t:|1685109711\n|switch|p1a: Pincurchin|Pincurchin, L88, F|228/228\n|-fieldstart|move: Electric Terrain|[from] ability: Electric Surge|[of] p1a: Pincurchin\n|move|p2a: Durant|Iron Head|p1a: Pincurchin\n|-resisted|p1a: Pincurchin\n|-damage|p1a: Pincurchin|158/228\n|-damage|p2a: Durant|198/219|[from] item: Life Orb\n|\n|upkeep\n|turn|6\n|\n|t:|1685109726\n|move|p2a: Durant|Hone Claws|p2a: Durant\n|-boost|p2a: Durant|atk|1\n|-boost|p2a: Durant|accuracy|1\n|move|p1a: Pincurchin|Spikes|p2a: Durant\n|-sidestart|p2: Ev_Evan|Spikes\n|\n|upkeep\n|turn|7\n|\n|t:|1685109730\n|move|p1a: Pincurchin|Sucker Punch||[still]\n|-fail|p1a: Pincurchin\n|move|p2a: Durant|Hone Claws|p2a: Durant\n|-boost|p2a: Durant|atk|1\n|-boost|p2a: Durant|accuracy|1\n|\n|upkeep\n|turn|8\n|\n|t:|1685109732\n|move|p1a: Pincurchin|Sucker Punch||[still]\n|-fail|p1a: Pincurchin\n|move|p2a: Durant|Hone Claws|p2a: Durant\n|-boost|p2a: Durant|atk|1\n|-boost|p2a: Durant|accuracy|1\n|\n|upkeep\n|turn|9\n|\n|t:|1685109735\n|move|p2a: Durant|Hone Claws|p2a: Durant\n|-boost|p2a: Durant|atk|1\n|-boost|p2a: Durant|accuracy|1\n|move|p1a: Pincurchin|Rising Voltage|p2a: Durant\n|-hint|Rising Voltage's BP doubled on grounded target.\n|-damage|p2a: Durant|0 fnt\n|faint|p2a: Durant\n|\n|-fieldend|move: Electric Terrain\n|upkeep\n|\n|t:|1685109745\n|switch|p2a: Silvally|Silvally-Fighting, L84|297/297\n|-damage|p2a: Silvally|260/297|[from] Spikes\n|turn|10\n|\n|t:|1685109751\n|move|p2a: Silvally|Crunch|p1a: Pincurchin\n|-damage|p1a: Pincurchin|103/228\n|-unboost|p1a: Pincurchin|def|1\n|move|p1a: Pincurchin|Scald|p2a: Silvally\n|-damage|p2a: Silvally|204/297\n|\n|upkeep\n|turn|11\n|\n|t:|1685109762\n|move|p2a: Silvally|Multi-Attack|p1a: Pincurchin\n|-damage|p1a: Pincurchin|0 fnt\n|faint|p1a: Pincurchin\n|\n|upkeep\n|\n|t:|1685109768\n|switch|p1a: Musharna|Musharna, L86, F|340/340 par\n|turn|12\n|\n|t:|1685109771\n|move|p2a: Silvally|Crunch|p1a: Musharna\n|-supereffective|p1a: Musharna\n|-damage|p1a: Musharna|226/340 par\n|move|p1a: Musharna|Psychic|p2a: Silvally\n|-supereffective|p2a: Silvally\n|-damage|p2a: Silvally|4/297\n|\n|-heal|p1a: Musharna|247/340 par|[from] item: Leftovers\n|upkeep\n|turn|13\n|inactive|Ev_Evan has 270 seconds left.\n|inactive|Ev_Evan has 240 seconds left.\n|inactive|Ev_Evan has 210 seconds left.\n|\n|t:|1685109863\n|move|p2a: Silvally|Crunch|p1a: Musharna\n|-supereffective|p1a: Musharna\n|-damage|p1a: Musharna|139/340 par\n|move|p1a: Musharna|Psychic|p2a: Silvally\n|-supereffective|p2a: Silvally\n|-damage|p2a: Silvally|0 fnt\n|faint|p2a: Silvally\n|\n|-heal|p1a: Musharna|160/340 par|[from] item: Leftovers\n|upkeep\n|inactive|Ev_Evan has 210 seconds left.\n|\n|t:|1685109877\n|switch|p2a: Dragonite|Dragonite, L75, F|260/260\n|turn|14\n|inactive|Ev_Evan has 210 seconds left.\n|\n|t:|1685109886\n|switch|p1a: Ludicolo|Ludicolo, L86, F|278/278\n|move|p2a: Dragonite|Outrage|p1a: Ludicolo\n|-damage|p1a: Ludicolo|133/278\n|\n|upkeep\n|turn|15\n|\n|t:|1685109891\n|move|p1a: Ludicolo|Ice Beam|p2a: Dragonite\n|-supereffective|p2a: Dragonite\n|-damage|p2a: Dragonite|91/260\n|-damage|p1a: Ludicolo|106/278|[from] item: Life Orb\n|move|p2a: Dragonite|Outrage|p1a: Ludicolo|[from]lockedmove\n|-damage|p1a: Ludicolo|0 fnt\n|faint|p1a: Ludicolo\n|-start|p2a: Dragonite|confusion|[fatigue]\n|\n|upkeep\n|\n|t:|1685109894\n|switch|p1a: Naganadel|Naganadel, L74|230/230\n|turn|16\n|\n|t:|1685109898\n|switch|p2a: Mawile|Mawile, L86, M|226/226\n|-damage|p2a: Mawile|198/226|[from] Spikes\n|move|p1a: Naganadel|Sludge Wave|p2a: Mawile\n|-immune|p2a: Mawile\n|\n|upkeep\n|turn|17\n|inactive|Ev_Evan has 240 seconds left.\n|\n|t:|1685109906\n|switch|p1a: Flapple|Flapple, L84, M|255/255\n|move|p2a: Mawile|Iron Head|p1a: Flapple\n|-damage|p1a: Flapple|115/255\n|\n|upkeep\n|turn|18\n|\n|t:|1685109914\n|switch|p2a: Dragonite|Dragonite, L75, F|91/260\n|move|p1a: Flapple|Grav Apple|p2a: Dragonite\n|-resisted|p2a: Dragonite\n|-damage|p2a: Dragonite|39/260\n|-unboost|p2a: Dragonite|def|1\n|-damage|p1a: Flapple|90/255|[from] item: Life Orb\n|\n|upkeep\n|turn|19\n|inactive|Ev_Evan has 240 seconds left.\n|\n|t:|1685109948\n|switch|p2a: Mawile|Mawile, L86, M|198/226\n|-damage|p2a: Mawile|170/226|[from] Spikes\n|move|p1a: Flapple|Grav Apple|p2a: Mawile\n|-resisted|p2a: Mawile\n|-damage|p2a: Mawile|76/226\n|-unboost|p2a: Mawile|def|1\n|-damage|p1a: Flapple|65/255|[from] item: Life Orb\n|\n|upkeep\n|turn|20\n|\n|t:|1685109959\n|move|p2a: Mawile|Sucker Punch|p1a: Flapple\n|-damage|p1a: Flapple|0 fnt\n|faint|p1a: Flapple\n|-damage|p2a: Mawile|54/226|[from] item: Life Orb\n|\n|upkeep\n|\n|t:|1685109963\n|switch|p1a: Arctozolt|Arctozolt, L86|295/295\n|turn|21\n|\n|t:|1685109971\n|switch|p2a: Meowstic|Meowstic, L84, M|151/262 par\n|-damage|p2a: Meowstic|119/262 par|[from] Spikes\n|move|p1a: Arctozolt|Bolt Beak|p2a: Meowstic\n|-damage|p2a: Meowstic|0 fnt\n|faint|p2a: Meowstic\n|\n|upkeep\n|\n|t:|1685109983\n|switch|p2a: Butterfree|Butterfree, L87, F|246/246\n|turn|22\n|\n|t:|1685109987\n|move|p2a: Butterfree|Sleep Powder|p1a: Arctozolt\n|-status|p1a: Arctozolt|slp|[from] move: Sleep Powder\n|cant|p1a: Arctozolt|slp\n|\n|upkeep\n|turn|23\n|\n|t:|1685109990\n|switch|p1a: Naganadel|Naganadel, L74|230/230\n|move|p2a: Butterfree|Quiver Dance|p2a: Butterfree\n|-boost|p2a: Butterfree|spa|1\n|-boost|p2a: Butterfree|spd|1\n|-boost|p2a: Butterfree|spe|1\n|\n|upkeep\n|turn|24\n|inactive|Ev_Evan has 240 seconds left.\n|\n|t:|1685110027\n|-start|p1a: Naganadel|Dynamax|\n|-heal|p1a: Naganadel|460/460|[silent]\n|move|p2a: Butterfree|Air Slash|p1a: Naganadel\n|-crit|p1a: Naganadel\n|-damage|p1a: Naganadel|211/460\n|move|p1a: Naganadel|Max Airstream|p2a: Butterfree\n|-supereffective|p2a: Butterfree\n|-damage|p2a: Butterfree|120/246\n|-boost|p1a: Naganadel|spe|1\n|\n|upkeep\n|turn|25\n|\n|t:|1685110040\n|-start|p2a: Butterfree|Dynamax|Gmax\n|-heal|p2a: Butterfree|240/492|[silent]\n|move|p2a: Butterfree|Max Guard|p2a: Butterfree\n|-singleturn|p2a: Butterfree|Max Guard\n|move|p1a: Naganadel|Max Airstream|p2a: Butterfree\n|-activate|p2a: Butterfree|move: Max Guard\n|\n|upkeep\n|turn|26\n|\n|t:|1685110048\n|move|p1a: Naganadel|Max Airstream|p2a: Butterfree\n|-supereffective|p2a: Butterfree\n|-damage|p2a: Butterfree|108/492\n|-boost|p1a: Naganadel|spe|1\n|move|p2a: Butterfree|Max Airstream|p1a: Naganadel\n|-damage|p1a: Naganadel|0 fnt\n|-boost|p2a: Butterfree|spe|1\n|faint|p1a: Naganadel\n|\n|upkeep\n|c|\u2606PrinceOfAllTacos|ggs\n|-message|PrinceOfAllTacos forfeited.\n|\n|win|Ev_Evan\n|c|\u2606Ev_Evan|gg\n", "inputlog": ">version 61c68e60481ef09071210320730fc448fef50368\n>start {\"formatid\":\"gen8randombattle\",\"seed\":[20412,51632,46734,59747]}\n>player p1 {\"name\":\"PrinceOfAllTacos\",\"avatar\":\"#psplxtournaments\",\"rating\":0,\"seed\":[30339,48703,35440,9602]}\n>player p2 {\"name\":\"Ev_Evan\",\"avatar\":\"volkner\",\"rating\":0,\"seed\":[44357,52907,54484,7633]}\n>chat \u2606PrinceOfAllTacos|gl hf\n>p1 switch 4\n>p2 move multiattack\n>chat \u2606Ev_Evan|gl\n>p1 move calmmind\n>p2 switch 5\n>p1 move moonblast\n>p2 move thunderwave\n>p1 move calmmind\n>p2 switch 2\n>p1 switch 5\n>p2 move ironhead\n>p1 move spikes\n>p2 move honeclaws\n>p1 move suckerpunch\n>p2 move honeclaws\n>p1 move suckerpunch\n>p2 move honeclaws\n>p1 move risingvoltage\n>p2 move honeclaws\n>p2 switch 5\n>p1 move scald\n>p2 move crunch\n>p1 move scald\n>p2 move multiattack\n>p1 switch 5\n>p1 move psychic\n>p2 move crunch\n>p1 move psychic\n>p2 move crunch\n>p2 switch 6\n>p1 switch 6\n>p2 move outrage\n>p1 move icebeam\n>p2 move outrage\n>p1 switch 3\n>p1 move sludgewave\n>p2 switch 3\n>p1 switch 2\n>p2 move ironhead\n>p1 move gravapple\n>p2 switch 3\n>p1 move gravapple\n>p2 switch 3\n>p1 move gravapple\n>p2 move suckerpunch\n>p1 switch 4\n>p1 move boltbeak\n>p2 switch 2\n>p2 switch 4\n>p1 move thunderwave\n>p2 move sleeppowder\n>p1 switch 2\n>p2 move quiverdance\n>p1 move airslash dynamax\n>p2 move airslash\n>p1 move airslash dynamax\n>p2 move quiverdance dynamax\n>p1 move airslash dynamax\n>p2 move airslash dynamax\n>chat \u2606PrinceOfAllTacos|ggs\n>forcelose p1", "uploadtime": 1685110067, "views": 12, "p1id": "princeofalltacos", "p2id": "evevan", "formatid": "gen8randombattle", "rating": 0, "private": 0, "password": ""}