{"id": "gen8randombattle-1874944933", "p1": "dfasdfadfhdsgsd", "p2": "BCHGABFG", "format": "[Gen 8] Random Battle", "log": "|j|\u203ddfasdfadfhdsgsd\n|j|\u2606BCHGABFG\n|t:|1685554445\n|gametype|singles\n|player|p1|dfasdfadfhdsgsd|169|1000\n|player|p2|BCHGABFG|1|1000\n|teamsize|p1|6\n|teamsize|p2|6\n|gen|8\n|tier|[Gen 8] Random Battle\n|rated|\n|rule|Species Clause: Limit one of each Pok\u00e9mon\n|rule|HP Percentage Mod: HP is shown in percentages\n|rule|Sleep Clause Mod: Limit one foe put to sleep\n|\n|t:|1685554445\n|start\n|switch|p1a: Cursola|Cursola, L86, M|243/243\n|switch|p2a: Archeops|Archeops, L82, F|257/257\n|turn|1\n|\n|t:|1685554459\n|move|p2a: Archeops|Stone Edge|p1a: Cursola\n|-damage|p1a: Cursola|36/243\n|-ability|p1a: Cursola|Weak Armor|boost\n|-unboost|p1a: Cursola|def|1\n|-boost|p1a: Cursola|spe|2\n|move|p1a: Cursola|Stealth Rock|p2a: Archeops\n|-sidestart|p2: BCHGABFG|move: Stealth Rock\n|\n|-heal|p1a: Cursola|51/243|[from] item: Leftovers\n|upkeep\n|turn|2\n|\n|t:|1685554472\n|switch|p1a: Torkoal|Torkoal, L86, F|261/261\n|-weather|SunnyDay|[from] ability: Drought|[of] p1a: Torkoal\n|move|p2a: Archeops|Stone Edge|p1a: Torkoal|[miss]\n|-miss|p2a: Archeops|p1a: Torkoal\n|\n|-weather|SunnyDay|[upkeep]\n|upkeep\n|turn|3\n|inactive|Battle timer is ON: inactive players will automatically lose when time's up. (requested by dfasdfadfhdsgsd)\n|\n|t:|1685554481\n|move|p2a: Archeops|U-turn|p1a: Torkoal\n|-resisted|p1a: Torkoal\n|-damage|p1a: Torkoal|239/261\n|\n|t:|1685554495\n|switch|p2a: Drednaw|Drednaw, L84, M|288/288|[from] U-turn\n|-damage|p2a: Drednaw|252/288|[from] Stealth Rock\n|move|p1a: Torkoal|Lava Plume|p2a: Drednaw\n|-resisted|p2a: Drednaw\n|-damage|p2a: Drednaw|214/288\n|\n|-weather|SunnyDay|[upkeep]\n|upkeep\n|turn|4\n|\n|t:|1685554505\n|move|p2a: Drednaw|Superpower|p1a: Torkoal\n|-damage|p1a: Torkoal|153/261\n|-unboost|p2a: Drednaw|atk|1\n|-unboost|p2a: Drednaw|def|1\n|-damage|p2a: Drednaw|186/288|[from] item: Life Orb\n|move|p1a: Torkoal|Solar Beam||[still]\n|-prepare|p1a: Torkoal|Solar Beam\n|-anim|p1a: Torkoal|Solar Beam|p2a: Drednaw\n|-supereffective|p2a: Drednaw\n|-damage|p2a: Drednaw|0 fnt\n|faint|p2a: Drednaw\n|\n|-weather|SunnyDay|[upkeep]\n|upkeep\n|\n|t:|1685554518\n|switch|p2a: Archeops|Archeops, L82, F|257/257\n|turn|5\n|\n|t:|1685554522\n|move|p2a: Archeops|Stone Edge|p1a: Torkoal\n|-supereffective|p1a: Torkoal\n|-damage|p1a: Torkoal|0 fnt\n|faint|p1a: Torkoal\n|\n|-weather|SunnyDay|[upkeep]\n|upkeep\n|\n|t:|1685554527\n|switch|p1a: Clawitzer|Clawitzer, L84, M|256/256\n|turn|6\n|\n|t:|1685554531\n|move|p2a: Archeops|U-turn|p1a: Clawitzer\n|-damage|p1a: Clawitzer|190/256\n|\n|t:|1685554536\n|switch|p2a: Durant|Durant, L78, M|219/219|[from] U-turn\n|-damage|p2a: Durant|192/219|[from] Stealth Rock\n|move|p1a: Clawitzer|Water Pulse|p2a: Durant\n|-damage|p2a: Durant|47/219\n|-start|p2a: Durant|confusion\n|\n|-weather|none\n|upkeep\n|turn|7\n|\n|t:|1685554546\n|switch|p1a: Cursola|Cursola, L86, M|51/243\n|-activate|p2a: Durant|confusion\n|move|p2a: Durant|Superpower|p1a: Cursola\n|-immune|p1a: Cursola\n|\n|-heal|p1a: Cursola|66/243|[from] item: Leftovers\n|upkeep\n|turn|8\n|\n|t:|1685554555\n|-activate|p2a: Durant|confusion\n|move|p2a: Durant|Superpower|p1a: Cursola\n|-immune|p1a: Cursola\n|move|p1a: Cursola|Strength Sap|p2a: Durant\n|-unboost|p2a: Durant|atk|1\n|-heal|p1a: Cursola|243/243\n|\n|upkeep\n|turn|9\n|\n|t:|1685554563\n|-activate|p2a: Durant|confusion\n|-damage|p2a: Durant|31/219|[from] confusion\n|move|p1a: Cursola|Hydro Pump|p2a: Durant\n|-damage|p2a: Durant|0 fnt\n|faint|p2a: Durant\n|\n|upkeep\n|\n|t:|1685554573\n|switch|p2a: Exploud|Exploud, L84, F|312/312\n|-damage|p2a: Exploud|273/312|[from] Stealth Rock\n|turn|10\n|\n|t:|1685554583\n|move|p2a: Exploud|Surf|p1a: Cursola\n|-damage|p1a: Cursola|180/243\n|move|p1a: Cursola|Strength Sap|p2a: Exploud\n|-unboost|p2a: Exploud|atk|1\n|-heal|p1a: Cursola|243/243\n|\n|upkeep\n|turn|11\n|\n|t:|1685554592\n|move|p2a: Exploud|Surf|p1a: Cursola\n|-damage|p1a: Cursola|177/243\n|move|p1a: Cursola|Hydro Pump|p2a: Exploud\n|-damage|p2a: Exploud|145/312\n|\n|-heal|p1a: Cursola|192/243|[from] item: Leftovers\n|upkeep\n|turn|12\n|\n|t:|1685554599\n|move|p2a: Exploud|Surf|p1a: Cursola\n|-damage|p1a: Cursola|129/243\n|move|p1a: Cursola|Hydro Pump|p2a: Exploud\n|-damage|p2a: Exploud|19/312\n|\n|-heal|p1a: Cursola|144/243|[from] item: Leftovers\n|upkeep\n|turn|13\n|\n|t:|1685554605\n|move|p2a: Exploud|Surf|p1a: Cursola\n|-damage|p1a: Cursola|78/243\n|move|p1a: Cursola|Strength Sap|p2a: Exploud\n|-unboost|p2a: Exploud|atk|1\n|-heal|p1a: Cursola|182/243\n|\n|-heal|p1a: Cursola|197/243|[from] item: Leftovers\n|upkeep\n|turn|14\n|\n|t:|1685554613\n|move|p2a: Exploud|Surf|p1a: Cursola\n|-damage|p1a: Cursola|137/243\n|move|p1a: Cursola|Strength Sap|p2a: Exploud\n|-unboost|p2a: Exploud|atk|1\n|-heal|p1a: Cursola|215/243\n|\n|-heal|p1a: Cursola|230/243|[from] item: Leftovers\n|upkeep\n|turn|15\n|\n|t:|1685554621\n|move|p2a: Exploud|Surf|p1a: Cursola\n|-damage|p1a: Cursola|163/243\n|move|p1a: Cursola|Strength Sap|p2a: Exploud\n|-unboost|p2a: Exploud|atk|1\n|-heal|p1a: Cursola|225/243\n|\n|-heal|p1a: Cursola|240/243|[from] item: Leftovers\n|upkeep\n|turn|16\n|\n|t:|1685554631\n|move|p2a: Exploud|Surf|p1a: Cursola\n|-damage|p1a: Cursola|178/243\n|move|p1a: Cursola|Strength Sap|p2a: Exploud\n|-unboost|p2a: Exploud|atk|1\n|-heal|p1a: Cursola|230/243\n|\n|-heal|p1a: Cursola|243/243|[from] item: Leftovers\n|upkeep\n|turn|17\n|\n|t:|1685554639\n|move|p2a: Exploud|Surf|p1a: Cursola\n|-damage|p1a: Cursola|175/243\n|move|p1a: Cursola|Hydro Pump|p2a: Exploud\n|-damage|p2a: Exploud|0 fnt\n|faint|p2a: Exploud\n|\n|-heal|p1a: Cursola|190/243|[from] item: Leftovers\n|upkeep\n|\n|t:|1685554649\n|switch|p2a: Goodra|Goodra, L82, M|282/282\n|-damage|p2a: Goodra|247/282|[from] Stealth Rock\n|turn|18\n|\n|t:|1685554655\n|move|p2a: Goodra|Earthquake|p1a: Cursola\n|-damage|p1a: Cursola|93/243\n|-ability|p1a: Cursola|Weak Armor|boost\n|-unboost|p1a: Cursola|def|1\n|-boost|p1a: Cursola|spe|2\n|move|p1a: Cursola|Shadow Ball|p2a: Goodra\n|-crit|p2a: Goodra\n|-damage|p2a: Goodra|169/282\n|\n|-heal|p1a: Cursola|108/243|[from] item: Leftovers\n|upkeep\n|turn|19\n|\n|t:|1685554669\n|move|p1a: Cursola|Shadow Ball|p2a: Goodra\n|-damage|p2a: Goodra|118/282\n|-unboost|p2a: Goodra|spd|1\n|move|p2a: Goodra|Earthquake|p1a: Cursola\n|-damage|p1a: Cursola|0 fnt\n|faint|p1a: Cursola\n|\n|upkeep\n|\n|t:|1685554670\n|switch|p1a: Urshifu|Urshifu, L76, M|277/277\n|turn|20\n|\n|t:|1685554678\n|move|p1a: Urshifu|Substitute|p1a: Urshifu\n|-start|p1a: Urshifu|Substitute\n|-damage|p1a: Urshifu|208/277\n|move|p2a: Goodra|Draco Meteor|p1a: Urshifu\n|-end|p1a: Urshifu|Substitute\n|-unboost|p2a: Goodra|spa|2\n|\n|-heal|p1a: Urshifu|225/277|[from] item: Leftovers\n|upkeep\n|turn|21\n|\n|t:|1685554686\n|move|p1a: Urshifu|Substitute|p1a: Urshifu\n|-start|p1a: Urshifu|Substitute\n|-damage|p1a: Urshifu|156/277\n|move|p2a: Goodra|Draco Meteor|p1a: Urshifu\n|-crit|p1a: Urshifu\n|-end|p1a: Urshifu|Substitute\n|-unboost|p2a: Goodra|spa|2\n|\n|-heal|p1a: Urshifu|173/277|[from] item: Leftovers\n|upkeep\n|turn|22\n|\n|t:|1685554695\n|move|p1a: Urshifu|Substitute|p1a: Urshifu\n|-start|p1a: Urshifu|Substitute\n|-damage|p1a: Urshifu|104/277\n|move|p2a: Goodra|Draco Meteor|p1a: Urshifu\n|-end|p1a: Urshifu|Substitute\n|-unboost|p2a: Goodra|spa|2\n|\n|-heal|p1a: Urshifu|121/277|[from] item: Leftovers\n|upkeep\n|turn|23\n|\n|t:|1685554703\n|move|p1a: Urshifu|Substitute|p1a: Urshifu\n|-start|p1a: Urshifu|Substitute\n|-damage|p1a: Urshifu|52/277\n|move|p2a: Goodra|Draco Meteor|p1a: Urshifu\n|-activate|p1a: Urshifu|move: Substitute|[damage]\n|\n|-heal|p1a: Urshifu|69/277|[from] item: Leftovers\n|upkeep\n|turn|24\n|\n|t:|1685554715\n|-start|p2a: Goodra|Dynamax|\n|-heal|p2a: Goodra|236/564|[silent]\n|move|p1a: Urshifu|Bulk Up|p1a: Urshifu\n|-boost|p1a: Urshifu|atk|1\n|-boost|p1a: Urshifu|def|1\n|move|p2a: Goodra|Max Ooze|p1a: Urshifu\n|-end|p1a: Urshifu|Substitute\n|-boost|p2a: Goodra|spa|1\n|\n|-heal|p1a: Urshifu|86/277|[from] item: Leftovers\n|upkeep\n|turn|25\n|\n|t:|1685554727\n|move|p1a: Urshifu|Wicked Blow|p2a: Goodra\n|-crit|p2a: Goodra\n|-damage|p2a: Goodra|0 fnt\n|faint|p2a: Goodra\n|\n|-heal|p1a: Urshifu|103/277|[from] item: Leftovers\n|upkeep\n|l|\u2606BCHGABFG\n|inactive|BCHGABFG disconnected and has a minute to reconnect!\n|player|p2|\n|inactive|BCHGABFG has 30 seconds to reconnect!\n|inactive|BCHGABFG has 20 seconds to reconnect!\n|inactive|BCHGABFG has 15 seconds to reconnect!\n|inactive|BCHGABFG has 10 seconds to reconnect!\n|inactive|BCHGABFG has 5 seconds to reconnect!\n|-message|BCHGABFG lost due to inactivity.\n|\n|win|dfasdfadfhdsgsd\n|raw|dfasdfadfhdsgsd's rating: 1000 &rarr; <strong>1040</strong><br />(+40 for winning)\n|raw|BCHGABFG's rating: 1000 &rarr; <strong>1000</strong><br />(+0 for losing)\n", "inputlog": ">version df10212e8bfdc37bcabc8b288b8d2f3885a507ef\n>start {\"formatid\":\"gen8randombattle\",\"seed\":[47453,32205,27677,18404],\"rated\":\"Rated battle\"}\n>player p1 {\"name\":\"dfasdfadfhdsgsd\",\"avatar\":\"169\",\"rating\":1000,\"seed\":[3486,13519,19170,5061]}\n>player p2 {\"name\":\"BCHGABFG\",\"avatar\":\"1\",\"rating\":1000,\"seed\":[1598,44348,49471,50407]}\n>p1 move stealthrock\n>p2 move stoneedge\n>p1 switch 2\n>p2 move stoneedge\n>p1 move lavaplume\n>p2 move uturn\n>p2 switch 6\n>p1 move solarbeam\n>p2 move superpower\n>p2 switch 6\n>p1 move lavaplume\n>p2 move stoneedge\n>p1 switch 5\n>p1 move waterpulse\n>p2 move uturn\n>p2 switch 5\n>p1 switch 2\n>p2 move superpower\n>p1 move strengthsap\n>p2 move superpower\n>p1 move hydropump\n>p2 move superpower\n>p2 switch 3\n>p1 move strengthsap\n>p2 move surf\n>p1 move hydropump\n>p2 move surf\n>p1 move hydropump\n>p2 move surf\n>p1 move strengthsap\n>p2 move surf\n>p1 move strengthsap\n>p2 move surf\n>p1 move strengthsap\n>p2 move surf\n>p1 move strengthsap\n>p2 move surf\n>p1 move hydropump\n>p2 move surf\n>p2 switch 4\n>p1 move shadowball\n>p2 move earthquake\n>p1 move shadowball\n>p2 move earthquake\n>p1 switch 4\n>p1 move substitute\n>p2 move dracometeor\n>p1 move substitute\n>p2 move dracometeor\n>p1 move substitute\n>p2 move dracometeor\n>p1 move substitute\n>p2 move dracometeor\n>p1 move bulkup\n>p2 move sludgebomb dynamax\n>p1 move wickedblow\n>p2 move sludgebomb dynamax\n>forcelose p2", "uploadtime": 1685554800, "views": 4, "p1id": "dfasdfadfhdsgsd", "p2id": "bchgabfg", "formatid": "gen8randombattle", "rating": 1000, "private": 0, "password": ""}