{"id": "gen8randombattle-1871820601", "p1": "Satanitar", "p2": "gareeb adani", "format": "[Gen 8] Random Battle", "log": "|j|\u2606Satanitar\n|j|\u2606gareeb adani\n|t:|1685133987\n|gametype|singles\n|player|p1|Satanitar|169|1354\n|player|p2|gareeb adani|2|1506\n|teamsize|p1|6\n|teamsize|p2|6\n|gen|8\n|tier|[Gen 8] Random Battle\n|rated|\n|rule|Species Clause: Limit one of each Pok\u00e9mon\n|rule|HP Percentage Mod: HP is shown in percentages\n|rule|Sleep Clause Mod: Limit one foe put to sleep\n|\n|t:|1685133987\n|start\n|switch|p1a: Kartana|Kartana, L74|209/209\n|switch|p2a: Volcarona|Volcarona, L76, F|254/254\n|turn|1\n|inactive|Battle timer is ON: inactive players will automatically lose when time's up. (requested by gareeb adani)\n|\n|t:|1685134028\n|switch|p1a: Corsola|Corsola-Galar, L84, M|238/238\n|move|p2a: Volcarona|Quiver Dance|p2a: Volcarona\n|-boost|p2a: Volcarona|spa|1\n|-boost|p2a: Volcarona|spd|1\n|-boost|p2a: Volcarona|spe|1\n|\n|upkeep\n|turn|2\n|\n|t:|1685134041\n|move|p2a: Volcarona|Fire Blast|p1a: Corsola\n|-damage|p1a: Corsola|121/238\n|-start|p2a: Volcarona|Disable|Fire Blast|[from] ability: Cursed Body|[of] p1a: Corsola\n|move|p1a: Corsola|Haze|p1a: Corsola\n|-clearallboost\n|\n|upkeep\n|turn|3\n|\n|t:|1685134051\n|switch|p2a: Decidueye|Decidueye, L86, M|274/274\n|switch|p1a: Keldeo|Keldeo-Resolute, L79|273/273\n|\n|upkeep\n|turn|4\n|\n|t:|1685134067\n|move|p1a: Keldeo|Air Slash|p2a: Decidueye\n|-supereffective|p2a: Decidueye\n|-damage|p2a: Decidueye|164/274\n|move|p2a: Decidueye|Leaf Blade|p1a: Keldeo\n|-supereffective|p1a: Keldeo\n|-damage|p1a: Keldeo|39/273\n|\n|upkeep\n|turn|5\n|\n|t:|1685134074\n|switch|p2a: Corsola|Corsola-Galar, L84, F|238/238\n|move|p1a: Keldeo|Air Slash|p2a: Corsola\n|-damage|p2a: Corsola|204/238\n|\n|upkeep\n|turn|6\n|\n|t:|1685134103\n|switch|p1a: Jolteon|Jolteon, L82, F|241/241\n|move|p2a: Corsola|Stealth Rock|p1a: Jolteon\n|-sidestart|p1: Satanitar|move: Stealth Rock\n|\n|upkeep\n|turn|7\n|inactive|gareeb adani has 120 seconds left.\n|\n|t:|1685134121\n|move|p1a: Jolteon|Shadow Ball|p2a: Corsola\n|-supereffective|p2a: Corsola\n|-damage|p2a: Corsola|86/238\n|-start|p1a: Jolteon|Disable|Shadow Ball|[from] ability: Cursed Body|[of] p2a: Corsola\n|move|p2a: Corsola|Night Shade|p1a: Jolteon\n|-damage|p1a: Jolteon|157/241\n|\n|upkeep\n|turn|8\n|\n|t:|1685134132\n|switch|p1a: Kartana|Kartana, L74|209/209\n|-damage|p1a: Kartana|196/209|[from] Stealth Rock\n|move|p2a: Corsola|Strength Sap|p1a: Kartana\n|-unboost|p1a: Kartana|atk|1\n|-heal|p2a: Corsola|238/238\n|\n|upkeep\n|turn|9\n|inactive|gareeb adani has 120 seconds left.\n|\n|t:|1685134174\n|move|p1a: Kartana|Knock Off|p2a: Corsola\n|-supereffective|p2a: Corsola\n|-damage|p2a: Corsola|142/238\n|-enditem|p2a: Corsola|Eviolite|[from] move: Knock Off|[of] p1a: Kartana\n|-damage|p1a: Kartana|176/209|[from] item: Life Orb\n|move|p2a: Corsola|Will-O-Wisp|p1a: Kartana\n|-status|p1a: Kartana|brn\n|\n|-damage|p1a: Kartana|163/209 brn|[from] brn\n|upkeep\n|turn|10\n|\n|t:|1685134192\n|move|p1a: Kartana|Knock Off|p2a: Corsola\n|-supereffective|p2a: Corsola\n|-damage|p2a: Corsola|93/238\n|-damage|p1a: Kartana|143/209 brn|[from] item: Life Orb\n|move|p2a: Corsola|Strength Sap|p1a: Kartana\n|-unboost|p1a: Kartana|atk|1\n|-heal|p2a: Corsola|238/238\n|\n|-damage|p1a: Kartana|130/209 brn|[from] brn\n|upkeep\n|turn|11\n|inactive|gareeb adani has 90 seconds left.\n|inactive|gareeb adani has 60 seconds left.\n|\n|t:|1685134256\n|switch|p1a: Jolteon|Jolteon, L82, F|157/241\n|-damage|p1a: Jolteon|127/241|[from] Stealth Rock\n|move|p2a: Corsola|Night Shade|p1a: Jolteon\n|-damage|p1a: Jolteon|43/241\n|\n|upkeep\n|turn|12\n|inactive|Satanitar has 120 seconds left.\n|\n|t:|1685134307\n|move|p1a: Jolteon|Shadow Ball|p2a: Corsola\n|-supereffective|p2a: Corsola\n|-damage|p2a: Corsola|84/238\n|-unboost|p2a: Corsola|spd|1\n|move|p2a: Corsola|Night Shade|p1a: Jolteon\n|-damage|p1a: Jolteon|0 fnt\n|faint|p1a: Jolteon\n|\n|upkeep\n|inactive|Satanitar has 90 seconds left.\n|\n|t:|1685134335\n|switch|p1a: Dragapult|Dragapult, L78, M|265/265\n|-damage|p1a: Dragapult|232/265|[from] Stealth Rock\n|turn|13\n|\n|t:|1685134351\n|move|p1a: Dragapult|Shadow Ball|p2a: Corsola\n|-supereffective|p2a: Corsola\n|-crit|p2a: Corsola\n|-damage|p2a: Corsola|0 fnt\n|faint|p2a: Corsola\n|\n|upkeep\n|\n|t:|1685134355\n|switch|p2a: Magmortar|Magmortar, L86, M|269/269\n|turn|14\n|inactive|Satanitar has 90 seconds left.\n|inactive|Satanitar has 60 seconds left.\n|inactive|Satanitar has 30 seconds left.\n|inactive|Satanitar has 20 seconds left.\n|inactive|Satanitar has 15 seconds left.\n|inactive|Satanitar has 10 seconds left.\n|inactive|Satanitar has 5 seconds left.\n|-message|Satanitar lost due to inactivity.\n|\n|win|gareeb adani\n|raw|Satanitar's rating: 1354 &rarr; <strong>1343</strong><br />(-11 for losing)\n|raw|gareeb adani's rating: 1517 &rarr; <strong>1528</strong><br />(+11 for winning)\n", "inputlog": ">version 61c68e60481ef09071210320730fc448fef50368\n>start {\"formatid\":\"gen8randombattle\",\"seed\":[54220,18464,64108,9663],\"rated\":\"Rated battle\"}\n>player p1 {\"name\":\"Satanitar\",\"avatar\":\"169\",\"rating\":1354,\"seed\":[55142,46408,59660,43570]}\n>player p2 {\"name\":\"gareeb adani\",\"avatar\":\"2\",\"rating\":1506,\"seed\":[15174,23689,1177,2122]}\n>p1 switch 4\n>p2 move quiverdance\n>p1 move haze\n>p2 move fireblast\n>p1 switch 5\n>p2 switch 4\n>p1 move airslash\n>p2 move leafblade\n>p1 move airslash\n>p2 switch 5\n>p1 switch 3\n>p2 move stealthrock\n>p1 move shadowball\n>p2 move nightshade\n>p1 switch 4\n>p2 move strengthsap\n>p1 move knockoff\n>p2 move willowisp\n>p1 move knockoff\n>p2 move strengthsap\n>p1 switch 4\n>p2 move nightshade\n>p1 move shadowball\n>p2 move nightshade\n>p1 switch 6\n>p1 move shadowball\n>p2 move willowisp\n>p2 switch 2\n>forcelose p1", "uploadtime": 1685134489, "views": 3, "p1id": "satanitar", "p2id": "gareebadani", "formatid": "gen8randombattle", "rating": 1343, "private": 0, "password": ""}