|j|☆Amaranth
|j|☆MitchTEM
|t:|1685368150
|gametype|singles
|player|p1|Amaranth|#amaranth|
|player|p2|MitchTEM|hop-masters|
|teamsize|p1|6
|teamsize|p2|6
|gen|8
|tier|[Gen 8] Random Battle
|rule|Species Clause: Limit one of each Pokémon
|rule|HP Percentage Mod: HP is shown in percentages
|rule|Sleep Clause Mod: Limit one foe put to sleep
|
|t:|1685368150
|start
|switch|p1a: Golisopod|Golisopod, L84, M|263/263
|switch|p2a: Mew|Mew, L80|291/291
|turn|1
|inactive|Battle timer is ON: inactive players will automatically lose when time's up. (requested by MitchTEM)
|inactive|Amaranth has 270 seconds left.
|inactive|MitchTEM has 270 seconds left.
|inactive|MitchTEM has 240 seconds left.
|
|t:|1685368232
|switch|p2a: Aegislash|Aegislash, L80, M|227/227
|move|p1a: Golisopod|Spikes|p2a: Aegislash
|-sidestart|p2: MitchTEM|Spikes
|
|upkeep
|turn|2
|
|t:|1685368242
|-formechange|p2a: Aegislash|Aegislash-Blade||[from] ability: Stance Change
|move|p2a: Aegislash|Shadow Ball|p1a: Golisopod
|-damage|p1a: Golisopod|152/263
|move|p1a: Golisopod|Knock Off|p2a: Aegislash
|-supereffective|p2a: Aegislash
|-damage|p2a: Aegislash|0 fnt
|-enditem|p2a: Aegislash|Leftovers|[from] move: Knock Off|[of] p1a: Golisopod
|faint|p2a: Aegislash
|
|upkeep
|
|t:|1685368251
|switch|p2a: Pheromosa|Pheromosa, L75|230/230
|-damage|p2a: Pheromosa|202/230|[from] Spikes
|turn|3
|
|t:|1685368273
|move|p2a: Pheromosa|Poison Jab|p1a: Golisopod
|-damage|p1a: Golisopod|96/263
|-status|p1a: Golisopod|psn
|-activate|p1a: Golisopod|ability: Emergency Exit
|-damage|p2a: Pheromosa|179/230|[from] item: Life Orb
|inactive|Amaranth has 270 seconds left.
|
|t:|1685368297
|switch|p1a: Spiritomb|Spiritomb, L88, M|231/231
|
|upkeep
|turn|4
|
|t:|1685368308
|switch|p2a: Tentacruel|Tentacruel, L84, F|272/272
|-damage|p2a: Tentacruel|238/272|[from] Spikes
|move|p1a: Spiritomb|Poltergeist|p2a: Tentacruel
|-activate|p2a: Tentacruel|move: Poltergeist|Black Sludge
|-damage|p2a: Tentacruel|4/272
|
|-heal|p2a: Tentacruel|21/272|[from] item: Black Sludge
|upkeep
|turn|5
|
|t:|1685368317
|move|p2a: Tentacruel|Scald|p1a: Spiritomb
|-damage|p1a: Spiritomb|171/231
|move|p1a: Spiritomb|Poltergeist|p2a: Tentacruel
|-activate|p2a: Tentacruel|move: Poltergeist|Black Sludge
|-damage|p2a: Tentacruel|0 fnt
|faint|p2a: Tentacruel
|
|upkeep
|
|t:|1685368325
|switch|p2a: Mew|Mew, L80|291/291
|-damage|p2a: Mew|255/291|[from] Spikes
|turn|6
|
|t:|1685368337
|switch|p2a: Tornadus|Tornadus-Therian, L78, M|251/251
|move|p1a: Spiritomb|Poltergeist|p2a: Tornadus
|-activate|p2a: Tornadus|move: Poltergeist|Assault Vest
|-damage|p2a: Tornadus|37/251
|
|upkeep
|turn|7
|
|t:|1685368348
|move|p2a: Tornadus|Hurricane|p1a: Spiritomb
|-damage|p1a: Spiritomb|83/231
|-start|p1a: Spiritomb|confusion
|-activate|p1a: Spiritomb|confusion
|-damage|p1a: Spiritomb|59/231|[from] confusion
|
|upkeep
|turn|8
|
|t:|1685368356
|switch|p1a: Golisopod|Golisopod, L84, M|96/263 psn
|move|p2a: Tornadus|Hurricane|p1a: Golisopod
|-supereffective|p1a: Golisopod
|-damage|p1a: Golisopod|0 fnt
|faint|p1a: Golisopod
|
|upkeep
|
|t:|1685368363
|switch|p1a: Spiritomb|Spiritomb, L88, M|59/231
|turn|9
|
|t:|1685368367
|move|p1a: Spiritomb|Shadow Sneak|p2a: Tornadus
|-damage|p2a: Tornadus|0 fnt
|faint|p2a: Tornadus
|
|upkeep
|
|t:|1685368372
|switch|p2a: Pheromosa|Pheromosa, L75|179/230
|-damage|p2a: Pheromosa|151/230|[from] Spikes
|turn|10
|
|t:|1685368375
|move|p1a: Spiritomb|Shadow Sneak|p2a: Pheromosa
|-damage|p2a: Pheromosa|21/230
|move|p2a: Pheromosa|Throat Chop|p1a: Spiritomb
|-damage|p1a: Spiritomb|0 fnt
|faint|p1a: Spiritomb
|-ability|p2a: Pheromosa|Beast Boost|boost
|-boost|p2a: Pheromosa|spe|1
|-damage|p2a: Pheromosa|0 fnt|[from] item: Life Orb
|faint|p2a: Pheromosa
|
|upkeep
|
|t:|1685368383
|switch|p2a: Mew|Mew, L80|255/291
|switch|p1a: Druddigon|Druddigon, L84, F|267/267
|-damage|p2a: Mew|219/291|[from] Spikes
|-ability|p1a: Druddigon|Mold Breaker
|turn|11
|
|t:|1685368390
|-start|p1a: Druddigon|Dynamax|
|-heal|p1a: Druddigon|534/534|[silent]
|move|p2a: Mew|Dragon Dance|p2a: Mew
|-boost|p2a: Mew|atk|1
|-boost|p2a: Mew|spe|1
|move|p1a: Druddigon|Max Darkness|p2a: Mew
|-supereffective|p2a: Mew
|-damage|p2a: Mew|0 fnt
|faint|p2a: Mew
|-damage|p1a: Druddigon|508/534|[from] item: Life Orb
|
|upkeep
|
|t:|1685368393
|switch|p2a: Jirachi|Jirachi, L79|288/288
|-damage|p2a: Jirachi|252/288|[from] Spikes
|turn|12
|c|☆MitchTEM|gg
|
|t:|1685368398
|-start|p2a: Jirachi|Dynamax|
|-heal|p2a: Jirachi|504/576|[silent]
|move|p2a: Jirachi|Max Steelspike|p1a: Druddigon
|-damage|p1a: Druddigon|388/534
|-boost|p2a: Jirachi|def|1
|move|p1a: Druddigon|Max Darkness|p2a: Jirachi
|-supereffective|p2a: Jirachi
|-damage|p2a: Jirachi|348/576
|-unboost|p2a: Jirachi|spd|1
|-damage|p1a: Druddigon|362/534|[from] item: Life Orb
|
|-heal|p2a: Jirachi|366/576|[from] item: Leftovers
|upkeep
|turn|13
|
|t:|1685368408
|move|p2a: Jirachi|Max Steelspike|p1a: Druddigon
|-damage|p1a: Druddigon|239/534
|-boost|p2a: Jirachi|def|1
|move|p1a: Druddigon|Max Darkness|p2a: Jirachi
|-supereffective|p2a: Jirachi
|-damage|p2a: Jirachi|241/576
|-unboost|p2a: Jirachi|spd|1
|-damage|p1a: Druddigon|213/534|[from] item: Life Orb
|
|-heal|p2a: Jirachi|259/576|[from] item: Leftovers
|upkeep
|-end|p1a: Druddigon|Dynamax
|-heal|p1a: Druddigon|107/267|[silent]
|turn|14
|
|t:|1685368411
|move|p1a: Druddigon|Sucker Punch|p2a: Jirachi
|-supereffective|p2a: Jirachi
|-damage|p2a: Jirachi|186/576
|-damage|p1a: Druddigon|81/267|[from] item: Life Orb
|move|p2a: Jirachi|Max Steelspike|p1a: Druddigon
|-damage|p1a: Druddigon|0 fnt
|-boost|p2a: Jirachi|def|1
|faint|p1a: Druddigon
|
|-heal|p2a: Jirachi|204/576|[from] item: Leftovers
|upkeep
|
|t:|1685368414
|switch|p1a: Thundurus|Thundurus, L80, M|258/258
|-end|p2a: Jirachi|Dynamax
|-heal|p2a: Jirachi|102/288|[silent]
|turn|15
|
|t:|1685368417
|move|p1a: Thundurus|Thunderbolt|p2a: Jirachi
|-damage|p2a: Jirachi|0 fnt
|faint|p2a: Jirachi
|
|win|Amaranth
|c|☆Amaranth|ggs
