|j|☆Bellossom01
|j|☆fujitive
|t:|1685307719
|gametype|singles
|player|p1|Bellossom01|erika|
|player|p2|fujitive|unknown|
|teamsize|p1|6
|teamsize|p2|6
|gen|8
|tier|[Gen 8] Random Battle
|rule|Species Clause: Limit one of each Pokémon
|rule|HP Percentage Mod: HP is shown in percentages
|rule|Sleep Clause Mod: Limit one foe put to sleep
|
|t:|1685307719
|start
|switch|p1a: Darmanitan|Darmanitan, L80, F|299/299
|switch|p2a: Flapple|Flapple, L84, F|255/255
|turn|1
|c|☆Bellossom01|here we go
|c|☆fujitive|glhf
|inactive|Battle timer is ON: inactive players will automatically lose when time's up. (requested by Bellossom01)
|c|☆Bellossom01|u2
|
|t:|1685307758
|switch|p2a: Weezing|Weezing, L86, F|252/252
|move|p1a: Darmanitan|U-turn|p2a: Weezing
|-resisted|p2a: Weezing
|-damage|p2a: Weezing|222/252
|-damage|p1a: Darmanitan|270/299|[from] item: Life Orb
|
|t:|1685307774
|switch|p1a: Scizor|Scizor, L80, M|243/243|[from] U-turn
|
|-heal|p2a: Weezing|237/252|[from] item: Black Sludge
|upkeep
|turn|2
|
|t:|1685307782
|move|p2a: Weezing|Fire Blast|p1a: Scizor
|-supereffective|p1a: Scizor
|-damage|p1a: Scizor|0 fnt
|faint|p1a: Scizor
|
|-heal|p2a: Weezing|252/252|[from] item: Black Sludge
|upkeep
|
|t:|1685307796
|switch|p1a: Darmanitan|Darmanitan, L80, F|270/299
|turn|3
|
|t:|1685307812
|move|p1a: Darmanitan|Flare Blitz|p2a: Weezing
|-damage|p2a: Weezing|57/252
|-damage|p1a: Darmanitan|206/299|[from] Recoil
|move|p2a: Weezing|Sludge Bomb|p1a: Darmanitan
|-damage|p1a: Darmanitan|82/299
|
|-heal|p2a: Weezing|72/252|[from] item: Black Sludge
|upkeep
|turn|4
|
|t:|1685307825
|move|p1a: Darmanitan|Rock Slide|p2a: Weezing
|-damage|p2a: Weezing|0 fnt
|faint|p2a: Weezing
|
|upkeep
|
|t:|1685307828
|switch|p2a: Electivire|Electivire, L82, F|257/257
|turn|5
|
|t:|1685307832
|move|p2a: Electivire|Volt Switch|p1a: Darmanitan
|-damage|p1a: Darmanitan|0 fnt
|faint|p1a: Darmanitan
|-damage|p2a: Electivire|232/257|[from] item: Life Orb
|
|t:|1685307839
|switch|p2a: Flapple|Flapple, L84, F|255/255|[from] Volt Switch
|
|upkeep
|
|t:|1685307851
|switch|p1a: Bisharp|Bisharp, L80, F|235/235
|turn|6
|
|t:|1685307877
|switch|p2a: Passimian|Passimian, L82, M|298/298
|move|p1a: Bisharp|Knock Off|p2a: Passimian
|-resisted|p2a: Passimian
|-damage|p2a: Passimian|224/298
|-enditem|p2a: Passimian|Choice Scarf|[from] move: Knock Off|[of] p1a: Bisharp
|-damage|p1a: Bisharp|212/235|[from] item: Life Orb
|
|upkeep
|turn|7
|
|t:|1685307889
|switch|p1a: Amoonguss|Amoonguss, L84, M|329/329
|move|p2a: Passimian|Close Combat|p1a: Amoonguss
|-resisted|p1a: Amoonguss
|-damage|p1a: Amoonguss|242/329
|-unboost|p2a: Passimian|def|1
|-unboost|p2a: Passimian|spd|1
|
|-heal|p1a: Amoonguss|262/329|[from] item: Black Sludge
|upkeep
|turn|8
|
|t:|1685307902
|move|p2a: Passimian|U-turn|p1a: Amoonguss
|-damage|p1a: Amoonguss|195/329
|
|t:|1685307904
|switch|p2a: Flapple|Flapple, L84, F|255/255|[from] U-turn
|move|p1a: Amoonguss|Spore|p2a: Flapple
|-immune|p2a: Flapple
|
|-heal|p1a: Amoonguss|215/329|[from] item: Black Sludge
|upkeep
|turn|9
|
|t:|1685307913
|move|p2a: Flapple|Outrage|p1a: Amoonguss
|-damage|p1a: Amoonguss|0 fnt
|faint|p1a: Amoonguss
|
|upkeep
|
|t:|1685307918
|switch|p1a: Dedenne|Dedenne, L87, M|258/258
|turn|10
|
|t:|1685307925
|move|p1a: Dedenne|Toxic|p2a: Flapple
|-status|p2a: Flapple|tox
|move|p2a: Flapple|Outrage|p1a: Dedenne|[from]lockedmove
|-immune|p1a: Dedenne
|
|-damage|p2a: Flapple|240/255 tox|[from] psn
|upkeep
|turn|11
|
|t:|1685307935
|move|p1a: Dedenne|Thunderbolt|p2a: Flapple
|-resisted|p2a: Flapple
|-damage|p2a: Flapple|211/255 tox
|move|p2a: Flapple|Grav Apple|p1a: Dedenne
|-damage|p1a: Dedenne|71/258
|-unboost|p1a: Dedenne|def|1
|-enditem|p1a: Dedenne|Sitrus Berry|[eat]
|-heal|p1a: Dedenne|135/258|[from] item: Sitrus Berry
|-heal|p1a: Dedenne|221/258|[from] ability: Cheek Pouch
|
|-damage|p2a: Flapple|181/255 tox|[from] psn
|upkeep
|turn|12
|
|t:|1685307952
|switch|p1a: Bisharp|Bisharp, L80, F|212/235
|move|p2a: Flapple|Grav Apple|p1a: Bisharp
|-resisted|p1a: Bisharp
|-damage|p1a: Bisharp|140/235
|-unboost|p1a: Bisharp|def|1
|-ability|p1a: Bisharp|Defiant|boost
|-boost|p1a: Bisharp|atk|2
|
|-damage|p2a: Flapple|136/255 tox|[from] psn
|upkeep
|turn|13
|
|t:|1685307971
|-start|p1a: Bisharp|Dynamax|
|-heal|p1a: Bisharp|280/470|[silent]
|move|p2a: Flapple|Outrage|p1a: Bisharp
|-resisted|p1a: Bisharp
|-damage|p1a: Bisharp|140/470
|move|p1a: Bisharp|Max Steelspike|p2a: Flapple
|-crit|p2a: Flapple
|-damage|p2a: Flapple|0 fnt
|-boost|p1a: Bisharp|def|1
|faint|p2a: Flapple
|-damage|p1a: Bisharp|117/470|[from] item: Life Orb
|
|upkeep
|
|t:|1685307976
|switch|p2a: Passimian|Passimian, L82, M|224/298
|turn|14
|
|t:|1685307985
|move|p1a: Bisharp|Max Guard|p1a: Bisharp
|-singleturn|p1a: Bisharp|Max Guard
|move|p2a: Passimian|Close Combat|p1a: Bisharp
|-activate|p1a: Bisharp|move: Max Guard
|
|upkeep
|turn|15
|
|t:|1685307991
|-end|p1a: Bisharp|Dynamax
|-heal|p1a: Bisharp|59/235|[silent]
|switch|p1a: Miltank|Miltank, L84, F|297/297
|move|p2a: Passimian|Close Combat|p1a: Miltank
|-supereffective|p1a: Miltank
|-damage|p1a: Miltank|63/297
|-unboost|p2a: Passimian|def|1
|-unboost|p2a: Passimian|spd|1
|
|-heal|p1a: Miltank|81/297|[from] item: Leftovers
|upkeep
|turn|16
|
|t:|1685308004
|switch|p2a: Electivire|Electivire, L82, F|232/257
|move|p1a: Miltank|Body Slam|p2a: Electivire
|-damage|p2a: Electivire|126/257
|
|-heal|p1a: Miltank|99/297|[from] item: Leftovers
|upkeep
|turn|17
|
|t:|1685308015
|switch|p1a: Dedenne|Dedenne, L87, M|221/258
|move|p2a: Electivire|Cross Chop|p1a: Dedenne
|-resisted|p1a: Dedenne
|-damage|p1a: Dedenne|156/258
|-damage|p2a: Electivire|101/257|[from] item: Life Orb
|
|upkeep
|turn|18
|
|t:|1685308026
|move|p1a: Dedenne|Recycle|p1a: Dedenne
|-item|p1a: Dedenne|Sitrus Berry|[from] move: Recycle
|move|p2a: Electivire|Flamethrower|p1a: Dedenne
|-damage|p1a: Dedenne|72/258
|-enditem|p1a: Dedenne|Sitrus Berry|[eat]
|-heal|p1a: Dedenne|136/258|[from] item: Sitrus Berry
|-heal|p1a: Dedenne|222/258|[from] ability: Cheek Pouch
|-damage|p2a: Electivire|76/257|[from] item: Life Orb
|
|upkeep
|turn|19
|
|t:|1685308041
|move|p1a: Dedenne|Toxic|p2a: Electivire
|-status|p2a: Electivire|tox
|move|p2a: Electivire|Volt Switch|p1a: Dedenne
|-resisted|p1a: Dedenne
|-damage|p1a: Dedenne|169/258
|-damage|p2a: Electivire|51/257 tox|[from] item: Life Orb
|
|t:|1685308043
|switch|p2a: Aromatisse|Aromatisse, L88, F|321/321|[from] Volt Switch
|
|upkeep
|turn|20
|
|t:|1685308053
|move|p1a: Dedenne|Toxic|p2a: Aromatisse|[miss]
|-miss|p1a: Dedenne|p2a: Aromatisse
|move|p2a: Aromatisse|Moonblast|p1a: Dedenne
|-crit|p1a: Dedenne
|-damage|p1a: Dedenne|0 fnt
|faint|p1a: Dedenne
|
|upkeep
|
|t:|1685308060
|switch|p1a: Miltank|Miltank, L84, F|99/297
|turn|21
|
|t:|1685308068
|move|p1a: Miltank|Milk Drink|p1a: Miltank
|-heal|p1a: Miltank|248/297
|move|p2a: Aromatisse|Calm Mind|p2a: Aromatisse
|-boost|p2a: Aromatisse|spa|1
|-boost|p2a: Aromatisse|spd|1
|
|-heal|p1a: Miltank|266/297|[from] item: Leftovers
|upkeep
|turn|22
|
|t:|1685308082
|move|p1a: Miltank|Body Slam|p2a: Aromatisse
|-damage|p2a: Aromatisse|234/321
|move|p2a: Aromatisse|Moonblast|p1a: Miltank
|-damage|p1a: Miltank|82/297
|
|-heal|p1a: Miltank|100/297|[from] item: Leftovers
|-heal|p2a: Aromatisse|254/321|[from] item: Leftovers
|upkeep
|turn|23
|
|t:|1685308094
|move|p1a: Miltank|Body Slam|p2a: Aromatisse
|-damage|p2a: Aromatisse|173/321
|move|p2a: Aromatisse|Moonblast|p1a: Miltank
|-damage|p1a: Miltank|0 fnt
|faint|p1a: Miltank
|
|-heal|p2a: Aromatisse|193/321|[from] item: Leftovers
|upkeep
|
|t:|1685308102
|switch|p1a: Bisharp|Bisharp, L80, F|59/235
|turn|24
|c|☆Bellossom01|well not a good start but gg
|
|t:|1685308116
|move|p1a: Bisharp|Iron Head|p2a: Aromatisse
|-supereffective|p2a: Aromatisse
|-damage|p2a: Aromatisse|0 fnt
|faint|p2a: Aromatisse
|-damage|p1a: Bisharp|36/235|[from] item: Life Orb
|
|upkeep
|
|t:|1685308122
|switch|p2a: Passimian|Passimian, L82, M|224/298
|turn|25
|
|t:|1685308126
|move|p1a: Bisharp|Sucker Punch|p2a: Passimian
|-resisted|p2a: Passimian
|-damage|p2a: Passimian|169/298
|-damage|p1a: Bisharp|13/235|[from] item: Life Orb
|move|p2a: Passimian|Close Combat|p1a: Bisharp
|-supereffective|p1a: Bisharp
|-damage|p1a: Bisharp|0 fnt
|-unboost|p2a: Passimian|def|1
|-unboost|p2a: Passimian|spd|1
|faint|p1a: Bisharp
|
|win|fujitive
|c|☆Bellossom01|gg
|c|☆fujitive|Gg
|l|☆Bellossom01
