{"id": "gen8randombattle-1873731627", "p1": "Marionette_playzYT", "p2": "gopqy", "format": "[Gen 8] Random Battle", "log": "|j|\u2606Marionette_playzYT\n|j|\u2606gopqy\n|t:|1685412097\n|gametype|singles\n|player|p1|Marionette_playzYT|steven|\n|player|p2|gopqy|selene|\n|teamsize|p1|6\n|teamsize|p2|6\n|gen|8\n|tier|[Gen 8] Random Battle\n|rule|Species Clause: Limit one of each Pok\u00e9mon\n|rule|HP Percentage Mod: HP is shown in percentages\n|rule|Sleep Clause Mod: Limit one foe put to sleep\n|\n|t:|1685412097\n|start\n|switch|p1a: Rapidash|Rapidash, L84, F|246/246\n|switch|p2a: Magnezone|Magnezone, L84|255/255\n|turn|1\n|\n|t:|1685412131\n|switch|p2a: Politoed|Politoed, L86, M|295/295\n|-weather|RainDance|[from] ability: Drizzle|[of] p2a: Politoed\n|move|p1a: Rapidash|Flare Blitz|p2a: Politoed\n|-resisted|p2a: Politoed\n|-damage|p2a: Politoed|257/295\n|-damage|p1a: Rapidash|233/246|[from] Recoil\n|\n|-weather|RainDance|[upkeep]\n|upkeep\n|turn|2\n|\n|t:|1685412150\n|switch|p1a: Abomasnow|Abomasnow, L82, F|282/282\n|-weather|Hail|[from] ability: Snow Warning|[of] p1a: Abomasnow\n|move|p2a: Politoed|Scald|p1a: Abomasnow\n|-resisted|p1a: Abomasnow\n|-damage|p1a: Abomasnow|239/282\n|-status|p1a: Abomasnow|brn\n|\n|-weather|Hail|[upkeep]\n|-damage|p2a: Politoed|239/295|[from] Hail\n|-damage|p1a: Abomasnow|222/282 brn|[from] brn\n|upkeep\n|turn|3\n|\n|t:|1685412177\n|switch|p2a: Magnezone|Magnezone, L84|255/255\n|move|p1a: Abomasnow|Wood Hammer|p2a: Magnezone\n|-resisted|p2a: Magnezone\n|-damage|p2a: Magnezone|231/255\n|-damage|p1a: Abomasnow|214/282 brn|[from] Recoil\n|\n|-weather|Hail|[upkeep]\n|-damage|p2a: Magnezone|216/255|[from] Hail\n|-damage|p1a: Abomasnow|197/282 brn|[from] brn\n|upkeep\n|turn|4\n|\n|t:|1685412207\n|move|p2a: Magnezone|Volt Switch|p1a: Abomasnow\n|-resisted|p1a: Abomasnow\n|-damage|p1a: Abomasnow|148/282 brn\n|\n|t:|1685412220\n|switch|p2a: Noivern|Noivern, L82, M|274/274|[from] Volt Switch\n|move|p1a: Abomasnow|Earthquake|p2a: Noivern\n|-immune|p2a: Noivern\n|\n|-weather|Hail|[upkeep]\n|-damage|p2a: Noivern|257/274|[from] Hail\n|-damage|p1a: Abomasnow|131/282 brn|[from] brn\n|upkeep\n|turn|5\n|\n|t:|1685412231\n|move|p2a: Noivern|Flamethrower|p1a: Abomasnow\n|-supereffective|p1a: Abomasnow\n|-damage|p1a: Abomasnow|0 fnt\n|faint|p1a: Abomasnow\n|\n|-weather|Hail|[upkeep]\n|-damage|p2a: Noivern|240/274|[from] Hail\n|upkeep\n|\n|t:|1685412239\n|switch|p1a: Rapidash|Rapidash, L84, F|233/246\n|turn|6\n|\n|t:|1685412254\n|move|p2a: Noivern|Draco Meteor|p1a: Rapidash\n|-damage|p1a: Rapidash|95/246\n|-unboost|p2a: Noivern|spa|2\n|move|p1a: Rapidash|Flare Blitz|p2a: Noivern\n|-resisted|p2a: Noivern\n|-damage|p2a: Noivern|171/274\n|-damage|p1a: Rapidash|72/246|[from] Recoil\n|\n|-weather|none\n|upkeep\n|turn|7\n|\n|t:|1685412276\n|switch|p1a: Weezing|Weezing-Galar, L86, F|252/252\n|move|p2a: Noivern|Roost|p2a: Noivern\n|-heal|p2a: Noivern|274/274\n|-singleturn|p2a: Noivern|move: Roost\n|\n|upkeep\n|turn|8\n|\n|t:|1685412303\n|switch|p2a: Politoed|Politoed, L86, M|239/295\n|-weather|RainDance|[from] ability: Drizzle|[of] p2a: Politoed\n|move|p1a: Weezing|Strange Steam|p2a: Politoed\n|-damage|p2a: Politoed|158/295\n|\n|-weather|RainDance|[upkeep]\n|upkeep\n|turn|9\n|\n|t:|1685412333\n|move|p2a: Politoed|Scald|p1a: Weezing\n|-damage|p1a: Weezing|111/252\n|move|p1a: Weezing|Sludge Bomb|p2a: Politoed\n|-damage|p2a: Politoed|79/295\n|\n|-weather|RainDance|[upkeep]\n|-heal|p1a: Weezing|126/252|[from] item: Black Sludge\n|upkeep\n|turn|10\n|\n|t:|1685412345\n|switch|p1a: Golduck|Golduck, L86, F|278/278\n|move|p2a: Politoed|Rest|p2a: Politoed\n|-status|p2a: Politoed|slp|[from] move: Rest\n|-heal|p2a: Politoed|295/295 slp|[silent]\n|-enditem|p2a: Politoed|Chesto Berry|[eat]\n|-curestatus|p2a: Politoed|slp|[msg]\n|\n|-weather|RainDance|[upkeep]\n|upkeep\n|turn|11\n|\n|t:|1685412358\n|move|p1a: Golduck|Substitute|p1a: Golduck\n|-start|p1a: Golduck|Substitute\n|-damage|p1a: Golduck|209/278\n|move|p2a: Politoed|Encore|p1a: Golduck\n|-start|p1a: Golduck|Encore\n|\n|-weather|RainDance|[upkeep]\n|-heal|p1a: Golduck|226/278|[from] item: Leftovers\n|upkeep\n|turn|12\n|\n|t:|1685412376\n|switch|p1a: Durant|Durant, L78, F|219/219\n|move|p2a: Politoed|Toxic|p1a: Durant\n|-immune|p1a: Durant\n|\n|-weather|none\n|upkeep\n|turn|13\n|\n|t:|1685412389\n|move|p1a: Durant|First Impression|p2a: Politoed\n|-damage|p2a: Politoed|73/295\n|move|p2a: Politoed|Encore|p1a: Durant\n|-start|p1a: Durant|Encore\n|\n|upkeep\n|turn|14\n|\n|t:|1685412404\n|move|p1a: Durant|First Impression||[still]\n|-hint|First Impression only works on your first turn out.\n|-fail|p1a: Durant\n|move|p2a: Politoed|Rest|p2a: Politoed\n|-status|p2a: Politoed|slp|[from] move: Rest\n|-heal|p2a: Politoed|295/295 slp|[silent]\n|\n|upkeep\n|turn|15\n|\n|t:|1685412413\n|switch|p1a: Lycanroc|Lycanroc-Midnight, L82, M|274/274\n|cant|p2a: Politoed|slp\n|\n|upkeep\n|turn|16\n|\n|t:|1685412420\n|switch|p1a: Durant|Durant, L78, F|219/219\n|cant|p2a: Politoed|slp\n|\n|upkeep\n|turn|17\n|\n|t:|1685412428\n|move|p1a: Durant|First Impression|p2a: Politoed\n|-damage|p2a: Politoed|84/295 slp\n|-curestatus|p2a: Politoed|slp|[msg]\n|move|p2a: Politoed|Encore|p1a: Durant\n|-start|p1a: Durant|Encore\n|\n|upkeep\n|turn|18\n|\n|t:|1685412440\n|switch|p1a: Golduck|Golduck, L86, F|226/278\n|move|p2a: Politoed|Scald|p1a: Golduck\n|-resisted|p1a: Golduck\n|-crit|p1a: Golduck\n|-damage|p1a: Golduck|163/278\n|\n|-heal|p1a: Golduck|180/278|[from] item: Leftovers\n|upkeep\n|turn|19\n|\n|t:|1685412453\n|move|p1a: Golduck|Substitute|p1a: Golduck\n|-start|p1a: Golduck|Substitute\n|-damage|p1a: Golduck|111/278\n|move|p2a: Politoed|Rest|p2a: Politoed\n|-status|p2a: Politoed|slp|[from] move: Rest\n|-heal|p2a: Politoed|295/295 slp|[silent]\n|\n|-heal|p1a: Golduck|128/278|[from] item: Leftovers\n|upkeep\n|turn|20\n|\n|t:|1685412471\n|switch|p2a: Magnezone|Magnezone, L84|216/255\n|move|p1a: Golduck|Calm Mind|p1a: Golduck\n|-boost|p1a: Golduck|spa|1\n|-boost|p1a: Golduck|spd|1\n|\n|-heal|p1a: Golduck|145/278|[from] item: Leftovers\n|upkeep\n|turn|21\n|\n|t:|1685412482\n|move|p1a: Golduck|Psyshock|p2a: Magnezone\n|-resisted|p2a: Magnezone\n|-damage|p2a: Magnezone|178/255\n|move|p2a: Magnezone|Thunderbolt|p1a: Golduck\n|-supereffective|p1a: Golduck\n|-end|p1a: Golduck|Substitute\n|\n|-heal|p1a: Golduck|162/278|[from] item: Leftovers\n|upkeep\n|turn|22\n|\n|t:|1685412505\n|switch|p1a: Lycanroc|Lycanroc-Midnight, L82, M|274/274\n|move|p2a: Magnezone|Volt Switch|p1a: Lycanroc\n|-damage|p1a: Lycanroc|169/274\n|\n|t:|1685412516\n|switch|p2a: Politoed|Politoed, L86, M|295/295 slp|[from] Volt Switch\n|-weather|RainDance|[from] ability: Drizzle|[of] p2a: Politoed\n|\n|-weather|RainDance|[upkeep]\n|upkeep\n|turn|23\n|\n|t:|1685412525\n|switch|p1a: Durant|Durant, L78, F|219/219\n|cant|p2a: Politoed|slp\n|\n|-weather|RainDance|[upkeep]\n|upkeep\n|turn|24\n|\n|t:|1685412539\n|switch|p2a: Magnezone|Magnezone, L84|178/255\n|move|p1a: Durant|First Impression|p2a: Magnezone\n|-resisted|p2a: Magnezone\n|-damage|p2a: Magnezone|99/255\n|\n|-weather|RainDance|[upkeep]\n|upkeep\n|turn|25\n|\n|t:|1685412558\n|-start|p1a: Durant|Dynamax|\n|-heal|p1a: Durant|438/438|[silent]\n|move|p1a: Durant|Max Knuckle|p2a: Magnezone\n|-supereffective|p2a: Magnezone\n|-damage|p2a: Magnezone|0 fnt\n|-boost|p1a: Durant|atk|1\n|faint|p2a: Magnezone\n|\n|-weather|RainDance|[upkeep]\n|upkeep\n|\n|t:|1685412572\n|switch|p2a: Gengar|Gengar, L80, F|227/227\n|turn|26\n|\n|t:|1685412591\n|move|p2a: Gengar|Trick|p1a: Durant\n|-activate|p2a: Gengar|move: Trick|[of] p1a: Durant\n|-item|p1a: Durant|Choice Specs|[from] move: Trick\n|-item|p2a: Gengar|Choice Band|[from] move: Trick\n|move|p1a: Durant|Max Steelspike|p2a: Gengar\n|-damage|p2a: Gengar|0 fnt\n|-boost|p1a: Durant|def|1\n|faint|p2a: Gengar\n|\n|-weather|none\n|upkeep\n|\n|t:|1685412609\n|switch|p2a: Noivern|Noivern, L82, M|274/274\n|turn|27\n|\n|t:|1685412614\n|move|p2a: Noivern|Defog|p1a: Durant\n|-unboost|p1a: Durant|evasion|1\n|move|p1a: Durant|Max Rockfall|p2a: Noivern\n|-supereffective|p2a: Noivern\n|-damage|p2a: Noivern|0 fnt\n|-weather|Sandstorm\n|faint|p2a: Noivern\n|\n|-weather|Sandstorm|[upkeep]\n|upkeep\n|\n|t:|1685412629\n|switch|p2a: Hitmonchan|Hitmonchan, L86, M|226/226\n|-end|p1a: Durant|Dynamax\n|-heal|p1a: Durant|219/219|[silent]\n|turn|28\n|\n|t:|1685412652\n|switch|p1a: Weezing|Weezing-Galar, L86, F|126/252\n|move|p2a: Hitmonchan|Mach Punch|p1a: Weezing\n|-resisted|p1a: Weezing\n|-damage|p1a: Weezing|112/252\n|-damage|p2a: Hitmonchan|204/226|[from] item: Life Orb\n|\n|-weather|Sandstorm|[upkeep]\n|-damage|p2a: Hitmonchan|190/226|[from] Sandstorm\n|-damage|p1a: Weezing|97/252|[from] Sandstorm\n|-heal|p1a: Weezing|112/252|[from] item: Black Sludge\n|upkeep\n|turn|29\n|\n|t:|1685412670\n|switch|p2a: Politoed|Politoed, L86, M|295/295 slp\n|-weather|RainDance|[from] ability: Drizzle|[of] p2a: Politoed\n|move|p1a: Weezing|Pain Split|p2a: Politoed\n|-sethp|p2a: Politoed|203/295 slp|[from] move: Pain Split|[silent]\n|-sethp|p1a: Weezing|203/252|[from] move: Pain Split\n|\n|-weather|RainDance|[upkeep]\n|-heal|p1a: Weezing|218/252|[from] item: Black Sludge\n|upkeep\n|turn|30\n|\n|t:|1685412686\n|cant|p2a: Politoed|slp\n|move|p1a: Weezing|Sludge Bomb|p2a: Politoed\n|-damage|p2a: Politoed|128/295 slp\n|\n|-weather|RainDance|[upkeep]\n|-heal|p1a: Weezing|233/252|[from] item: Black Sludge\n|upkeep\n|turn|31\n|\n|t:|1685412709\n|-curestatus|p2a: Politoed|slp|[msg]\n|move|p2a: Politoed|Encore|p1a: Weezing\n|-start|p1a: Weezing|Encore\n|move|p1a: Weezing|Sludge Bomb|p2a: Politoed\n|-damage|p2a: Politoed|53/295\n|\n|-weather|RainDance|[upkeep]\n|-heal|p1a: Weezing|248/252|[from] item: Black Sludge\n|upkeep\n|turn|32\n|\n|t:|1685412721\n|move|p2a: Politoed|Rest|p2a: Politoed\n|-status|p2a: Politoed|slp|[from] move: Rest\n|-heal|p2a: Politoed|295/295 slp|[silent]\n|move|p1a: Weezing|Sludge Bomb|p2a: Politoed\n|-damage|p2a: Politoed|219/295 slp\n|\n|-weather|RainDance|[upkeep]\n|-heal|p1a: Weezing|252/252|[from] item: Black Sludge\n|upkeep\n|turn|33\n|\n|t:|1685412737\n|switch|p1a: Durant|Durant, L78, F|219/219\n|cant|p2a: Politoed|slp\n|\n|-weather|none\n|upkeep\n|turn|34\n|\n|t:|1685412748\n|switch|p2a: Porygon2|Porygon2, L82|274/274\n|-ability|p2a: Porygon2|Download|boost\n|-boost|p2a: Porygon2|spa|1\n|move|p1a: Durant|First Impression|p2a: Porygon2\n|-damage|p2a: Porygon2|178/274\n|\n|upkeep\n|turn|35\n|\n|t:|1685412762\n|switch|p1a: Lycanroc|Lycanroc-Midnight, L82, M|169/274\n|move|p2a: Porygon2|Discharge|p1a: Lycanroc\n|-damage|p1a: Lycanroc|67/274\n|\n|upkeep\n|turn|36\n|\n|t:|1685412771\n|switch|p2a: Politoed|Politoed, L86, M|219/295 slp\n|-weather|RainDance|[from] ability: Drizzle|[of] p2a: Politoed\n|move|p1a: Lycanroc|Close Combat|p2a: Politoed\n|-damage|p2a: Politoed|70/295 slp\n|-unboost|p1a: Lycanroc|def|1\n|-unboost|p1a: Lycanroc|spd|1\n|\n|-weather|RainDance|[upkeep]\n|upkeep\n|turn|37\n|\n|t:|1685412793\n|switch|p2a: Hitmonchan|Hitmonchan, L86, M|190/226\n|move|p1a: Lycanroc|Close Combat|p2a: Hitmonchan\n|-damage|p2a: Hitmonchan|39/226\n|-unboost|p1a: Lycanroc|def|1\n|-unboost|p1a: Lycanroc|spd|1\n|\n|-weather|RainDance|[upkeep]\n|upkeep\n|turn|38\n|\n|t:|1685412805\n|switch|p1a: Golduck|Golduck, L86, F|162/278\n|move|p2a: Hitmonchan|Mach Punch|p1a: Golduck\n|-damage|p1a: Golduck|79/278\n|-damage|p2a: Hitmonchan|17/226|[from] item: Life Orb\n|\n|-weather|RainDance|[upkeep]\n|-heal|p1a: Golduck|96/278|[from] item: Leftovers\n|upkeep\n|turn|39\n|\n|t:|1685412819\n|move|p2a: Hitmonchan|Mach Punch|p1a: Golduck\n|-damage|p1a: Golduck|10/278\n|-damage|p2a: Hitmonchan|0 fnt|[from] item: Life Orb\n|faint|p2a: Hitmonchan\n|move|p1a: Golduck|Psyshock|p2: Hitmonchan|[notarget]\n|-fail|p1a: Golduck\n|\n|-weather|RainDance|[upkeep]\n|-heal|p1a: Golduck|27/278|[from] item: Leftovers\n|upkeep\n|\n|t:|1685412829\n|switch|p2a: Politoed|Politoed, L86, M|70/295 slp\n|turn|40\n|\n|t:|1685412834\n|move|p1a: Golduck|Psyshock|p2a: Politoed\n|-crit|p2a: Politoed\n|-damage|p2a: Politoed|0 fnt\n|faint|p2a: Politoed\n|\n|-weather|none\n|-heal|p1a: Golduck|44/278|[from] item: Leftovers\n|upkeep\n|\n|t:|1685412842\n|switch|p2a: Porygon2|Porygon2, L82|178/274\n|-ability|p2a: Porygon2|Download|boost\n|-boost|p2a: Porygon2|atk|1\n|turn|41\n|\n|t:|1685412863\n|-start|p2a: Porygon2|Dynamax|\n|-heal|p2a: Porygon2|356/548|[silent]\n|move|p1a: Golduck|Psyshock|p2a: Porygon2\n|-damage|p2a: Porygon2|316/548\n|move|p2a: Porygon2|Max Lightning|p1a: Golduck\n|-supereffective|p1a: Golduck\n|-damage|p1a: Golduck|0 fnt\n|-fieldstart|move: Electric Terrain\n|faint|p1a: Golduck\n|\n|upkeep\n|\n|t:|1685412879\n|switch|p1a: Lycanroc|Lycanroc-Midnight, L82, M|67/274\n|turn|42\n|\n|t:|1685412886\n|move|p1a: Lycanroc|Close Combat|p2a: Porygon2\n|-supereffective|p2a: Porygon2\n|-damage|p2a: Porygon2|120/548\n|-unboost|p1a: Lycanroc|def|1\n|-unboost|p1a: Lycanroc|spd|1\n|move|p2a: Porygon2|Max Lightning|p1a: Lycanroc\n|-damage|p1a: Lycanroc|0 fnt\n|faint|p1a: Lycanroc\n|\n|upkeep\n|\n|t:|1685412901\n|switch|p1a: Durant|Durant, L78, F|219/219\n|turn|43\n|\n|t:|1685412907\n|move|p1a: Durant|First Impression|p2a: Porygon2\n|-damage|p2a: Porygon2|30/548\n|move|p2a: Porygon2|Max Lightning|p1a: Durant\n|-damage|p1a: Durant|13/219\n|\n|upkeep\n|-end|p2a: Porygon2|Dynamax\n|-heal|p2a: Porygon2|15/274|[silent]\n|turn|44\n|\n|t:|1685412923\n|switch|p1a: Weezing|Weezing-Galar, L86, F|252/252\n|move|p2a: Porygon2|Recover|p2a: Porygon2\n|-heal|p2a: Porygon2|152/274\n|\n|upkeep\n|turn|45\n|\n|t:|1685412940\n|move|p1a: Weezing|Sludge Bomb|p2a: Porygon2\n|-damage|p2a: Porygon2|97/274\n|move|p2a: Porygon2|Recover|p2a: Porygon2\n|-heal|p2a: Porygon2|234/274\n|\n|-fieldend|move: Electric Terrain\n|upkeep\n|turn|46\n|\n|t:|1685412953\n|move|p1a: Weezing|Sludge Bomb|p2a: Porygon2\n|-damage|p2a: Porygon2|174/274\n|-status|p2a: Porygon2|psn\n|move|p2a: Porygon2|Discharge|p1a: Weezing\n|-crit|p1a: Weezing\n|-damage|p1a: Weezing|144/252\n|-status|p1a: Weezing|par\n|\n|-heal|p1a: Weezing|159/252 par|[from] item: Black Sludge\n|-damage|p2a: Porygon2|140/274 psn|[from] psn\n|upkeep\n|turn|47\n|\n|t:|1685412966\n|move|p2a: Porygon2|Recover|p2a: Porygon2\n|-heal|p2a: Porygon2|274/274 psn\n|move|p1a: Weezing|Sludge Bomb|p2a: Porygon2\n|-damage|p2a: Porygon2|214/274 psn\n|\n|-heal|p1a: Weezing|174/252 par|[from] item: Black Sludge\n|-damage|p2a: Porygon2|180/274 psn|[from] psn\n|upkeep\n|turn|48\n|\n|t:|1685412979\n|move|p2a: Porygon2|Recover|p2a: Porygon2\n|-heal|p2a: Porygon2|274/274 psn\n|cant|p1a: Weezing|par\n|\n|-heal|p1a: Weezing|189/252 par|[from] item: Black Sludge\n|-damage|p2a: Porygon2|240/274 psn|[from] psn\n|upkeep\n|turn|49\n|\n|t:|1685412991\n|move|p2a: Porygon2|Ice Beam|p1a: Weezing\n|-damage|p1a: Weezing|114/252 par\n|cant|p1a: Weezing|par\n|\n|-heal|p1a: Weezing|129/252 par|[from] item: Black Sludge\n|-damage|p2a: Porygon2|206/274 psn|[from] psn\n|upkeep\n|turn|50\n|\n|t:|1685413000\n|move|p2a: Porygon2|Ice Beam|p1a: Weezing\n|-damage|p1a: Weezing|53/252 par\n|cant|p1a: Weezing|par\n|\n|-heal|p1a: Weezing|68/252 par|[from] item: Black Sludge\n|-damage|p2a: Porygon2|172/274 psn|[from] psn\n|upkeep\n|turn|51\n|\n|t:|1685413015\n|move|p2a: Porygon2|Recover|p2a: Porygon2\n|-heal|p2a: Porygon2|274/274 psn\n|cant|p1a: Weezing|par\n|\n|-heal|p1a: Weezing|83/252 par|[from] item: Black Sludge\n|-damage|p2a: Porygon2|240/274 psn|[from] psn\n|upkeep\n|turn|52\n|\n|t:|1685413026\n|move|p2a: Porygon2|Ice Beam|p1a: Weezing\n|-damage|p1a: Weezing|3/252 par\n|move|p1a: Weezing|Pain Split|p2a: Porygon2\n|-sethp|p2a: Porygon2|121/274 psn|[from] move: Pain Split|[silent]\n|-sethp|p1a: Weezing|121/252 par|[from] move: Pain Split\n|\n|-heal|p1a: Weezing|136/252 par|[from] item: Black Sludge\n|-damage|p2a: Porygon2|87/274 psn|[from] psn\n|upkeep\n|turn|53\n|\n|t:|1685413037\n|move|p2a: Porygon2|Recover|p2a: Porygon2\n|-heal|p2a: Porygon2|224/274 psn\n|cant|p1a: Weezing|par\n|\n|-heal|p1a: Weezing|151/252 par|[from] item: Black Sludge\n|-damage|p2a: Porygon2|190/274 psn|[from] psn\n|upkeep\n|turn|54\n|\n|t:|1685413046\n|move|p2a: Porygon2|Ice Beam|p1a: Weezing\n|-damage|p1a: Weezing|75/252 par\n|move|p1a: Weezing|Pain Split|p2a: Porygon2\n|-sethp|p2a: Porygon2|132/274 psn|[from] move: Pain Split|[silent]\n|-sethp|p1a: Weezing|132/252 par|[from] move: Pain Split\n|\n|-heal|p1a: Weezing|147/252 par|[from] item: Black Sludge\n|-damage|p2a: Porygon2|98/274 psn|[from] psn\n|upkeep\n|turn|55\n|\n|t:|1685413057\n|move|p2a: Porygon2|Recover|p2a: Porygon2\n|-heal|p2a: Porygon2|235/274 psn\n|move|p1a: Weezing|Strange Steam|p2a: Porygon2\n|-damage|p2a: Porygon2|178/274 psn\n|\n|-heal|p1a: Weezing|162/252 par|[from] item: Black Sludge\n|-damage|p2a: Porygon2|144/274 psn|[from] psn\n|upkeep\n|turn|56\n|\n|t:|1685413081\n|switch|p1a: Durant|Durant, L78, F|13/219\n|move|p2a: Porygon2|Ice Beam|p1a: Durant\n|-resisted|p1a: Durant\n|-damage|p1a: Durant|0 fnt\n|faint|p1a: Durant\n|\n|-damage|p2a: Porygon2|110/274 psn|[from] psn\n|upkeep\n|\n|t:|1685413091\n|switch|p1a: Rapidash|Rapidash, L84, F|72/246\n|turn|57\n|\n|t:|1685413109\n|move|p1a: Rapidash|Swords Dance|p1a: Rapidash\n|-boost|p1a: Rapidash|atk|2\n|move|p2a: Porygon2|Recover|p2a: Porygon2\n|-heal|p2a: Porygon2|247/274 psn\n|\n|-damage|p2a: Porygon2|213/274 psn|[from] psn\n|upkeep\n|turn|58\n|\n|t:|1685413119\n|move|p1a: Rapidash|High Horsepower|p2a: Porygon2\n|-damage|p2a: Porygon2|124/274 psn\n|move|p2a: Porygon2|Discharge|p1a: Rapidash\n|-damage|p1a: Rapidash|12/246\n|\n|-damage|p2a: Porygon2|90/274 psn|[from] psn\n|upkeep\n|turn|59\n|\n|t:|1685413129\n|move|p1a: Rapidash|Flare Blitz|p2a: Porygon2\n|-damage|p2a: Porygon2|0 fnt\n|faint|p2a: Porygon2\n|-damage|p1a: Rapidash|0 fnt|[from] Recoil\n|faint|p1a: Rapidash\n|\n|win|Marionette_playzYT\n", "inputlog": ">version 6fec31d5a0d4498a06105aa188c9906bc0b6bf95\n>start {\"formatid\":\"gen8randombattle\",\"seed\":[5460,45797,25480,59376]}\n>player p1 {\"name\":\"Marionette_playzYT\",\"avatar\":\"steven\",\"rating\":0,\"seed\":[26111,11261,37955,28588]}\n>player p2 {\"name\":\"gopqy\",\"avatar\":\"selene\",\"rating\":0,\"seed\":[4040,11145,58106,56862]}\n>p1 move flareblitz\n>p2 switch 2\n>p1 switch 4\n>p2 move scald\n>p1 move woodhammer\n>p2 switch 2\n>p1 move earthquake\n>p2 move voltswitch\n>p2 switch 6\n>p1 move blizzard\n>p2 move flamethrower\n>p1 switch 4\n>p1 move flareblitz\n>p2 move dracometeor\n>p1 switch 6\n>p2 move roost\n>p1 move strangesteam\n>p2 switch 2\n>p1 move sludgebomb\n>p2 move scald\n>p1 switch 3\n>p2 move rest\n>p1 move substitute\n>p2 move encore\n>p1 switch 2\n>p2 move toxic\n>p1 move firstimpression\n>p2 move encore\n>p1 move firstimpression\n>p2 move rest\n>p1 switch 5\n>p2 move scald\n>p1 switch 5\n>p2 move scald\n>p1 move firstimpression\n>p2 move encore\n>p1 switch 2\n>p2 move scald\n>p1 move substitute\n>p2 move rest\n>p1 move calmmind\n>p2 switch 6\n>p1 move psyshock\n>p2 move thunderbolt\n>p1 switch 5\n>p2 move voltswitch\n>p2 switch 6\n>p1 switch 2\n>p2 move encore\n>p1 move firstimpression\n>p2 switch 6\n>p1 move superpower dynamax\n>p2 move flashcannon\n>p2 switch 5\n>p1 move ironhead dynamax\n>p2 move trick\n>p2 switch 2\n>p1 move rockslide dynamax\n>p2 move defog\n>p2 switch 3\n>p1 switch 3\n>p2 move machpunch\n>p1 move painsplit\n>p2 switch 6\n>p1 move sludgebomb\n>p2 move encore\n>p1 move strangesteam\n>p2 move encore\n>p1 move sludgebomb\n>p2 move rest\n>p1 switch 3\n>p2 move scald\n>p1 move firstimpression\n>p2 switch 4\n>p1 switch 2\n>p2 move discharge\n>p1 move closecombat\n>p2 switch 4\n>p1 move closecombat\n>p2 switch 6\n>p1 switch 5\n>p2 move machpunch\n>p1 move psyshock\n>p2 move machpunch\n>p2 switch 6\n>p1 move psyshock\n>p2 move rest\n>p2 switch 4\n>p1 move psyshock\n>p2 move discharge dynamax\n>p1 switch 5\n>p1 move closecombat\n>p2 move discharge dynamax\n>p1 switch 2\n>p1 move firstimpression\n>p2 move discharge dynamax\n>p1 switch 3\n>p2 move recover\n>p1 move sludgebomb\n>p2 move recover\n>p1 move sludgebomb\n>p2 move discharge\n>p1 move sludgebomb\n>p2 move recover\n>p1 move strangesteam\n>p2 move recover\n>p1 move painsplit\n>p2 move icebeam\n>p1 move painsplit\n>p2 move icebeam\n>p1 move painsplit\n>p2 move recover\n>p1 move painsplit\n>p2 move icebeam\n>p1 move sludgebomb\n>p2 move recover\n>p1 move painsplit\n>p2 move icebeam\n>p1 move strangesteam\n>p2 move recover\n>p1 switch 3\n>p2 move icebeam\n>p1 switch 6\n>p1 move swordsdance\n>p2 move recover\n>p1 move highhorsepower\n>p2 move discharge\n>p1 move flareblitz\n>p2 move recover", "uploadtime": 1685413157, "views": 7, "p1id": "marionetteplayzyt", "p2id": "gopqy", "formatid": "gen8randombattle", "rating": 0, "private": 0, "password": ""}