{"id": "gen8randombattle-1873741213", "p1": "KENJ11031", "p2": "MISTERBODYCATCHER", "format": "[Gen 8] Random Battle", "log": "|j|\u2606KENJ11031\n|j|\u2606MISTERBODYCATCHER\n|t:|1685413420\n|gametype|singles\n|player|p1|KENJ11031|101|\n|player|p2|MISTERBODYCATCHER|pilot|\n|teamsize|p1|6\n|teamsize|p2|6\n|gen|8\n|tier|[Gen 8] Random Battle\n|rule|Species Clause: Limit one of each Pok\u00e9mon\n|rule|HP Percentage Mod: HP is shown in percentages\n|rule|Sleep Clause Mod: Limit one foe put to sleep\n|\n|t:|1685413420\n|start\n|switch|p1a: Mudsdale|Mudsdale, L82, F|298/298\n|switch|p2a: Dragonite|Dragonite, L75, M|259/259\n|turn|1\n|\n|t:|1685413447\n|switch|p2a: Hippowdon|Hippowdon, L80, F|304/304\n|-weather|Sandstorm|[from] ability: Sand Stream|[of] p2a: Hippowdon\n|move|p1a: Mudsdale|Body Press|p2a: Hippowdon\n|-damage|p2a: Hippowdon|260/304\n|\n|-weather|Sandstorm|[upkeep]\n|-heal|p2a: Hippowdon|279/304|[from] item: Leftovers\n|upkeep\n|turn|2\n|\n|t:|1685413472\n|switch|p1a: Klinklang|Klinklang, L84|238/238\n|move|p2a: Hippowdon|Whirlwind|p1a: Klinklang\n|drag|p1a: Mudsdale|Mudsdale, L82, F|298/298\n|\n|-weather|Sandstorm|[upkeep]\n|-heal|p2a: Hippowdon|298/304|[from] item: Leftovers\n|upkeep\n|turn|3\n|\n|t:|1685413486\n|switch|p1a: Klinklang|Klinklang, L84|238/238\n|move|p2a: Hippowdon|Earthquake|p1a: Klinklang\n|-supereffective|p1a: Klinklang\n|-damage|p1a: Klinklang|64/238\n|\n|-weather|Sandstorm|[upkeep]\n|-heal|p1a: Klinklang|78/238|[from] item: Leftovers\n|-heal|p2a: Hippowdon|304/304|[from] item: Leftovers\n|upkeep\n|turn|4\n|\n|t:|1685413494\n|move|p1a: Klinklang|Wild Charge|p2a: Hippowdon\n|-immune|p2a: Hippowdon\n|move|p2a: Hippowdon|Earthquake|p1a: Klinklang\n|-supereffective|p1a: Klinklang\n|-damage|p1a: Klinklang|0 fnt\n|faint|p1a: Klinklang\n|\n|-weather|Sandstorm|[upkeep]\n|upkeep\n|\n|t:|1685413501\n|switch|p1a: Latias|Latias, L80, F|259/259\n|turn|5\n|\n|t:|1685413531\n|move|p1a: Latias|Calm Mind|p1a: Latias\n|-boost|p1a: Latias|spa|1\n|-boost|p1a: Latias|spd|1\n|move|p2a: Hippowdon|Whirlwind|p1a: Latias\n|drag|p1a: Oranguru|Oranguru, L86, F|295/295\n|\n|-weather|none\n|upkeep\n|turn|6\n|\n|t:|1685413545\n|move|p1a: Oranguru|Focus Blast|p2a: Hippowdon\n|-damage|p2a: Hippowdon|209/304\n|move|p2a: Hippowdon|Earthquake|p1a: Oranguru\n|-damage|p1a: Oranguru|178/295\n|\n|-heal|p1a: Oranguru|196/295|[from] item: Leftovers\n|-heal|p2a: Hippowdon|228/304|[from] item: Leftovers\n|upkeep\n|turn|7\n|\n|t:|1685413558\n|move|p1a: Oranguru|Psychic|p2a: Hippowdon\n|-damage|p2a: Hippowdon|120/304\n|move|p2a: Hippowdon|Earthquake|p1a: Oranguru\n|-damage|p1a: Oranguru|91/295\n|\n|-heal|p1a: Oranguru|109/295|[from] item: Leftovers\n|-heal|p2a: Hippowdon|139/304|[from] item: Leftovers\n|upkeep\n|turn|8\n|\n|t:|1685413563\n|move|p1a: Oranguru|Psychic|p2a: Hippowdon\n|-damage|p2a: Hippowdon|19/304\n|move|p2a: Hippowdon|Slack Off|p2a: Hippowdon\n|-heal|p2a: Hippowdon|171/304\n|\n|-heal|p1a: Oranguru|127/295|[from] item: Leftovers\n|-heal|p2a: Hippowdon|190/304|[from] item: Leftovers\n|upkeep\n|turn|9\n|\n|t:|1685413586\n|switch|p2a: Heatran|Heatran, L78, M|270/270\n|move|p1a: Oranguru|Psychic|p2a: Heatran\n|-resisted|p2a: Heatran\n|-damage|p2a: Heatran|228/270\n|\n|-heal|p2a: Heatran|244/270|[from] item: Leftovers\n|-heal|p1a: Oranguru|145/295|[from] item: Leftovers\n|upkeep\n|turn|10\n|\n|t:|1685413596\n|move|p2a: Heatran|Flash Cannon|p1a: Oranguru\n|-damage|p1a: Oranguru|70/295\n|move|p1a: Oranguru|Nasty Plot|p1a: Oranguru\n|-boost|p1a: Oranguru|spa|2\n|\n|-heal|p2a: Heatran|260/270|[from] item: Leftovers\n|-heal|p1a: Oranguru|88/295|[from] item: Leftovers\n|upkeep\n|turn|11\n|\n|t:|1685413659\n|move|p2a: Heatran|Lava Plume|p1a: Oranguru\n|-damage|p1a: Oranguru|9/295\n|move|p1a: Oranguru|Nasty Plot|p1a: Oranguru\n|-boost|p1a: Oranguru|spa|2\n|\n|-heal|p2a: Heatran|270/270|[from] item: Leftovers\n|-heal|p1a: Oranguru|27/295|[from] item: Leftovers\n|upkeep\n|turn|12\n|\n|t:|1685413669\n|move|p2a: Heatran|Lava Plume|p1a: Oranguru\n|-damage|p1a: Oranguru|0 fnt\n|faint|p1a: Oranguru\n|\n|upkeep\n|\n|t:|1685413676\n|switch|p1a: Latias|Latias, L80, F|259/259\n|turn|13\n|\n|t:|1685413709\n|move|p1a: Latias|Draco Meteor|p2a: Heatran\n|-resisted|p2a: Heatran\n|-damage|p2a: Heatran|207/270\n|-unboost|p1a: Latias|spa|2\n|move|p2a: Heatran|Toxic|p1a: Latias\n|-status|p1a: Latias|tox\n|\n|-heal|p2a: Heatran|223/270|[from] item: Leftovers\n|-damage|p1a: Latias|243/259 tox|[from] psn\n|upkeep\n|turn|14\n|\n|t:|1685413721\n|move|p1a: Latias|Roost|p1a: Latias\n|-heal|p1a: Latias|259/259 tox\n|-singleturn|p1a: Latias|move: Roost\n|move|p2a: Heatran|Flash Cannon|p1a: Latias\n|-damage|p1a: Latias|189/259 tox\n|\n|-heal|p1a: Latias|205/259 tox|[from] item: Leftovers\n|-heal|p2a: Heatran|239/270|[from] item: Leftovers\n|-damage|p1a: Latias|173/259 tox|[from] psn\n|upkeep\n|turn|15\n|\n|t:|1685413728\n|move|p1a: Latias|Psychic|p2a: Heatran\n|-resisted|p2a: Heatran\n|-damage|p2a: Heatran|217/270\n|move|p2a: Heatran|Flash Cannon|p1a: Latias\n|-damage|p1a: Latias|94/259 tox\n|\n|-heal|p1a: Latias|110/259 tox|[from] item: Leftovers\n|-heal|p2a: Heatran|233/270|[from] item: Leftovers\n|-damage|p1a: Latias|62/259 tox|[from] psn\n|upkeep\n|turn|16\n|\n|t:|1685413770\n|-start|p1a: Latias|Dynamax|\n|-heal|p1a: Latias|124/518 tox|[silent]\n|move|p1a: Latias|Max Wyrmwind|p2a: Heatran\n|-resisted|p2a: Heatran\n|-damage|p2a: Heatran|194/270\n|-unboost|p2a: Heatran|atk|1\n|move|p2a: Heatran|Flash Cannon|p1a: Latias\n|-damage|p1a: Latias|49/518 tox\n|\n|-heal|p1a: Latias|65/518 tox|[from] item: Leftovers\n|-heal|p2a: Heatran|210/270|[from] item: Leftovers\n|-damage|p1a: Latias|1/518 tox|[from] psn\n|upkeep\n|turn|17\n|\n|t:|1685413776\n|move|p1a: Latias|Max Mindstorm|p2a: Heatran\n|-resisted|p2a: Heatran\n|-damage|p2a: Heatran|179/270\n|-fieldstart|move: Psychic Terrain\n|move|p2a: Heatran|Flash Cannon|p1a: Latias\n|-damage|p1a: Latias|0 fnt\n|faint|p1a: Latias\n|\n|-heal|p2a: Heatran|195/270|[from] item: Leftovers\n|upkeep\n|\n|t:|1685413785\n|switch|p1a: Rhyperior|Rhyperior, L82, M|323/323\n|turn|18\n|\n|t:|1685413800\n|switch|p2a: Exploud|Exploud, L84, F|312/312\n|move|p1a: Rhyperior|Fire Punch|p2a: Exploud\n|-damage|p2a: Exploud|189/312\n|\n|upkeep\n|turn|19\n|\n|t:|1685413807\n|move|p2a: Exploud|Surf|p1a: Rhyperior\n|-supereffective|p1a: Rhyperior\n|-damage|p1a: Rhyperior|0 fnt\n|faint|p1a: Rhyperior\n|\n|upkeep\n|\n|t:|1685413812\n|switch|p1a: Mudsdale|Mudsdale, L82, F|298/298\n|turn|20\n|\n|t:|1685413819\n|move|p2a: Exploud|Surf|p1a: Mudsdale\n|-supereffective|p1a: Mudsdale\n|-damage|p1a: Mudsdale|98/298\n|-ability|p1a: Mudsdale|Stamina|boost\n|-boost|p1a: Mudsdale|def|1\n|move|p1a: Mudsdale|Earthquake|p2a: Exploud\n|-damage|p2a: Exploud|29/312\n|\n|-heal|p1a: Mudsdale|116/298|[from] item: Leftovers\n|upkeep\n|turn|21\n|\n|t:|1685413824\n|move|p2a: Exploud|Surf|p1a: Mudsdale\n|-supereffective|p1a: Mudsdale\n|-damage|p1a: Mudsdale|0 fnt\n|faint|p1a: Mudsdale\n|\n|-fieldend|move: Psychic Terrain\n|upkeep\n|\n|t:|1685413828\n|switch|p1a: Seaking|Seaking, L88, M|284/284\n|turn|22\n|\n|t:|1685413834\n|switch|p2a: Reuniclus|Reuniclus, L84, M|322/322\n|move|p1a: Seaking|Waterfall|p2a: Reuniclus\n|-damage|p2a: Reuniclus|162/322\n|\n|upkeep\n|turn|23\n|\n|t:|1685413838\n|move|p1a: Seaking|Waterfall|p2a: Reuniclus\n|-damage|p2a: Reuniclus|5/322\n|move|p2a: Reuniclus|Recover|p2a: Reuniclus\n|-heal|p2a: Reuniclus|166/322\n|\n|upkeep\n|turn|24\n|\n|t:|1685413847\n|switch|p2a: Dragonite|Dragonite, L75, M|259/259\n|move|p1a: Seaking|Waterfall|p2a: Dragonite\n|-resisted|p2a: Dragonite\n|-damage|p2a: Dragonite|225/259\n|\n|upkeep\n|turn|25\n|\n|t:|1685413851\n|move|p1a: Seaking|Waterfall|p2a: Dragonite\n|-resisted|p2a: Dragonite\n|-damage|p2a: Dragonite|153/259\n|move|p2a: Dragonite|Outrage|p1a: Seaking\n|-damage|p1a: Seaking|32/284\n|\n|upkeep\n|turn|26\n|\n|t:|1685413855\n|move|p1a: Seaking|Waterfall|p2a: Dragonite\n|-resisted|p2a: Dragonite\n|-damage|p2a: Dragonite|80/259\n|cant|p2a: Dragonite|flinch\n|\n|-start|p2a: Dragonite|confusion|[fatigue]\n|upkeep\n|turn|27\n|\n|t:|1685413859\n|move|p1a: Seaking|Waterfall|p2a: Dragonite\n|-resisted|p2a: Dragonite\n|-damage|p2a: Dragonite|14/259\n|-activate|p2a: Dragonite|confusion\n|move|p2a: Dragonite|Outrage|p1a: Seaking\n|-damage|p1a: Seaking|0 fnt\n|faint|p1a: Seaking\n|\n|win|MISTERBODYCATCHER\n|l|\u2606KENJ11031\n", "inputlog": ">version 6fec31d5a0d4498a06105aa188c9906bc0b6bf95\n>start {\"formatid\":\"gen8randombattle\",\"seed\":[54866,40217,6340,24929]}\n>player p1 {\"name\":\"KENJ11031\",\"avatar\":\"101\",\"rating\":0,\"seed\":[55687,23313,14752,53078]}\n>player p2 {\"name\":\"MISTERBODYCATCHER\",\"avatar\":\"pilot\",\"rating\":0,\"seed\":[22575,55523,54103,38091]}\n>p1 move bodypress\n>p2 switch 6\n>p1 switch 6\n>p2 move whirlwind\n>p1 switch 6\n>p2 move earthquake\n>p1 move wildcharge\n>p2 move earthquake\n>p1 switch 4\n>p1 move calmmind\n>p2 move whirlwind\n>p1 move focusblast\n>p2 move earthquake\n>p1 move psychic\n>p2 move earthquake\n>p1 move psychic\n>p2 move slackoff\n>p1 move psychic\n>p2 switch 3\n>p1 move nastyplot\n>p2 move flashcannon\n>p1 move nastyplot\n>p2 move lavaplume\n>p1 move nastyplot\n>p2 move lavaplume\n>p1 switch 2\n>p1 move dracometeor\n>p2 move toxic\n>p1 move roost\n>p2 move flashcannon\n>p1 move psychic\n>p2 move flashcannon\n>p1 move dracometeor dynamax\n>p2 move flashcannon\n>p1 move psychic dynamax\n>p2 move flashcannon\n>p1 switch 5\n>p1 move firepunch\n>p2 switch 2\n>p1 move firepunch\n>p2 move surf\n>p1 switch 6\n>p1 move earthquake\n>p2 move surf\n>p1 move bodypress\n>p2 move surf\n>p1 switch 3\n>p1 move waterfall\n>p2 switch 4\n>p1 move waterfall\n>p2 move recover\n>p1 move waterfall\n>p2 switch 6\n>p1 move waterfall\n>p2 move outrage\n>p1 move waterfall\n>p2 move outrage\n>p1 move waterfall\n>p2 move outrage", "uploadtime": 1685413967, "views": 8, "p1id": "kenj11031", "p2id": "misterbodycatcher", "formatid": "gen8randombattle", "rating": 0, "private": 0, "password": ""}