{"id": "gen8randombattle-1871589638", "p1": "PrinceOfAllTacos", "p2": "Ev_Evan", "format": "[Gen 8] Random Battle", "log": "|j|\u2606PrinceOfAllTacos\n|j|\u2606Ev_Evan\n|t:|1685110148\n|gametype|singles\n|player|p1|PrinceOfAllTacos|#psplxtournaments|\n|player|p2|Ev_Evan|volkner|\n|teamsize|p1|6\n|teamsize|p2|6\n|gen|8\n|tier|[Gen 8] Random Battle\n|rule|Species Clause: Limit one of each Pok\u00e9mon\n|rule|HP Percentage Mod: HP is shown in percentages\n|rule|Sleep Clause Mod: Limit one foe put to sleep\n|\n|t:|1685110148\n|start\n|switch|p1a: Lanturn|Lanturn, L86, M|355/355\n|switch|p2a: Malamar|Malamar, L80, M|269/269\n|turn|1\n|inactive|Battle timer is ON: inactive players will automatically lose when time's up. (requested by Ev_Evan)\n|c|\u2606Ev_Evan|glhf\n|c|\u2606PrinceOfAllTacos|you too\n|\n|t:|1685110177\n|move|p1a: Lanturn|Toxic|p2a: Malamar|[miss]\n|-miss|p1a: Lanturn|p2a: Malamar\n|move|p2a: Malamar|Knock Off|p1a: Lanturn\n|-damage|p1a: Lanturn|235/355\n|-enditem|p1a: Lanturn|Leftovers|[from] move: Knock Off|[of] p2a: Malamar\n|\n|upkeep\n|turn|2\n|\n|t:|1685110184\n|move|p1a: Lanturn|Toxic|p2a: Malamar\n|-status|p2a: Malamar|tox\n|move|p2a: Malamar|Superpower|p1a: Lanturn\n|-damage|p1a: Lanturn|136/355\n|-boost|p2a: Malamar|atk|1\n|-boost|p2a: Malamar|def|1\n|\n|-damage|p2a: Malamar|253/269 tox|[from] psn\n|upkeep\n|turn|3\n|\n|t:|1685110189\n|move|p1a: Lanturn|Volt Switch|p2a: Malamar\n|-damage|p2a: Malamar|177/269 tox\n|\n|t:|1685110192\n|switch|p1a: Dedenne|Dedenne, L87, F|258/258|[from] Volt Switch\n|move|p2a: Malamar|Superpower|p1a: Dedenne\n|-resisted|p1a: Dedenne\n|-damage|p1a: Dedenne|185/258\n|-boost|p2a: Malamar|atk|1\n|-boost|p2a: Malamar|def|1\n|\n|-heal|p2a: Malamar|193/269 tox|[from] item: Leftovers\n|-damage|p2a: Malamar|161/269 tox|[from] psn\n|upkeep\n|turn|4\n|\n|t:|1685110218\n|switch|p2a: Victini|Victini, L78|283/283\n|move|p1a: Dedenne|Thunderbolt|p2a: Victini\n|-damage|p2a: Victini|223/283\n|\n|upkeep\n|turn|5\n|\n|t:|1685110229\n|move|p1a: Dedenne|Toxic|p2a: Victini\n|-status|p2a: Victini|tox\n|move|p2a: Victini|Blue Flare|p1a: Dedenne\n|-damage|p1a: Dedenne|37/258\n|-enditem|p1a: Dedenne|Sitrus Berry|[eat]\n|-heal|p1a: Dedenne|101/258|[from] item: Sitrus Berry\n|-heal|p1a: Dedenne|187/258|[from] ability: Cheek Pouch\n|\n|-damage|p2a: Victini|206/283 tox|[from] psn\n|upkeep\n|turn|6\n|\n|t:|1685110235\n|move|p1a: Dedenne|Recycle|p1a: Dedenne\n|-item|p1a: Dedenne|Sitrus Berry|[from] move: Recycle\n|move|p2a: Victini|Blue Flare|p1a: Dedenne\n|-damage|p1a: Dedenne|36/258\n|-enditem|p1a: Dedenne|Sitrus Berry|[eat]\n|-heal|p1a: Dedenne|100/258|[from] item: Sitrus Berry\n|-heal|p1a: Dedenne|186/258|[from] ability: Cheek Pouch\n|\n|-damage|p2a: Victini|172/283 tox|[from] psn\n|upkeep\n|turn|7\n|\n|t:|1685110243\n|move|p1a: Dedenne|Protect|p1a: Dedenne\n|-singleturn|p1a: Dedenne|Protect\n|move|p2a: Victini|Glaciate|p1a: Dedenne\n|-activate|p1a: Dedenne|move: Protect\n|\n|-damage|p2a: Victini|121/283 tox|[from] psn\n|upkeep\n|turn|8\n|\n|t:|1685110249\n|move|p1a: Dedenne|Recycle|p1a: Dedenne\n|-item|p1a: Dedenne|Sitrus Berry|[from] move: Recycle\n|move|p2a: Victini|Blue Flare|p1a: Dedenne\n|-damage|p1a: Dedenne|53/258\n|-enditem|p1a: Dedenne|Sitrus Berry|[eat]\n|-heal|p1a: Dedenne|117/258|[from] item: Sitrus Berry\n|-heal|p1a: Dedenne|203/258|[from] ability: Cheek Pouch\n|\n|-damage|p2a: Victini|53/283 tox|[from] psn\n|upkeep\n|turn|9\n|\n|t:|1685110255\n|switch|p2a: Machamp|Machamp, L82, F|282/282\n|move|p1a: Dedenne|Thunderbolt|p2a: Machamp\n|-damage|p2a: Machamp|188/282\n|-status|p2a: Machamp|par\n|\n|upkeep\n|turn|10\n|\n|t:|1685110274\n|move|p2a: Machamp|Bullet Punch|p1a: Dedenne\n|-damage|p1a: Dedenne|132/258\n|move|p1a: Dedenne|Recycle|p1a: Dedenne\n|-item|p1a: Dedenne|Sitrus Berry|[from] move: Recycle\n|\n|upkeep\n|turn|11\n|inactive|Ev_Evan has 270 seconds left.\n|\n|t:|1685110317\n|switch|p2a: Galvantula|Galvantula, L82, F|249/249\n|move|p1a: Dedenne|Thunderbolt|p2a: Galvantula\n|-resisted|p2a: Galvantula\n|-damage|p2a: Galvantula|187/249\n|\n|upkeep\n|turn|12\n|\n|t:|1685110322\n|move|p1a: Dedenne|Toxic|p2a: Galvantula\n|-status|p2a: Galvantula|tox\n|move|p2a: Galvantula|Sticky Web|p1a: Dedenne\n|-sidestart|p1: PrinceOfAllTacos|move: Sticky Web\n|\n|-damage|p2a: Galvantula|172/249 tox|[from] psn\n|upkeep\n|turn|13\n|\n|t:|1685110331\n|move|p1a: Dedenne|Protect|p1a: Dedenne\n|-singleturn|p1a: Dedenne|Protect\n|move|p2a: Galvantula|Bug Buzz|p1a: Dedenne\n|-activate|p1a: Dedenne|move: Protect\n|\n|-damage|p2a: Galvantula|142/249 tox|[from] psn\n|upkeep\n|turn|14\n|\n|t:|1685110334\n|move|p1a: Dedenne|Thunderbolt|p2a: Galvantula\n|-resisted|p2a: Galvantula\n|-damage|p2a: Galvantula|78/249 tox\n|move|p2a: Galvantula|Volt Switch|p1a: Dedenne\n|-resisted|p1a: Dedenne\n|-damage|p1a: Dedenne|87/258\n|-enditem|p1a: Dedenne|Sitrus Berry|[eat]\n|-heal|p1a: Dedenne|151/258|[from] item: Sitrus Berry\n|-heal|p1a: Dedenne|237/258|[from] ability: Cheek Pouch\n|inactive|Ev_Evan has 270 seconds left.\n|\n|t:|1685110344\n|switch|p2a: Decidueye|Decidueye, L86, M|274/274|[from] Volt Switch\n|\n|upkeep\n|turn|15\n|\n|t:|1685110347\n|move|p1a: Dedenne|Toxic|p2a: Decidueye\n|-status|p2a: Decidueye|tox\n|-enditem|p2a: Decidueye|Lum Berry|[eat]\n|-curestatus|p2a: Decidueye|tox|[msg]\n|move|p2a: Decidueye|Swords Dance|p2a: Decidueye\n|-boost|p2a: Decidueye|atk|2\n|\n|upkeep\n|turn|16\n|\n|t:|1685110354\n|move|p1a: Dedenne|Toxic|p2a: Decidueye\n|-status|p2a: Decidueye|tox\n|move|p2a: Decidueye|Leaf Blade|p1a: Dedenne\n|-damage|p1a: Dedenne|0 fnt\n|faint|p1a: Dedenne\n|\n|-damage|p2a: Decidueye|257/274 tox|[from] psn\n|upkeep\n|\n|t:|1685110357\n|switch|p1a: Tornadus|Tornadus, L80, M|258/258\n|turn|17\n|\n|t:|1685110381\n|switch|p2a: Regirock|Regirock, L85|275/275\n|-start|p1a: Tornadus|Dynamax|\n|-heal|p1a: Tornadus|516/516|[silent]\n|move|p1a: Tornadus|Max Airstream|p2a: Regirock\n|-resisted|p2a: Regirock\n|-damage|p2a: Regirock|197/275\n|-boost|p1a: Tornadus|spe|1\n|\n|upkeep\n|turn|18\n|\n|t:|1685110388\n|-start|p2a: Regirock|Dynamax|\n|-heal|p2a: Regirock|394/550|[silent]\n|move|p1a: Tornadus|Max Overgrowth|p2a: Regirock\n|-supereffective|p2a: Regirock\n|-damage|p2a: Regirock|196/550\n|-fieldstart|move: Grassy Terrain\n|move|p2a: Regirock|Max Rockfall|p1a: Tornadus\n|-supereffective|p1a: Tornadus\n|-damage|p1a: Tornadus|154/516\n|-weather|Sandstorm\n|\n|-weather|Sandstorm|[upkeep]\n|-damage|p1a: Tornadus|138/516|[from] Sandstorm\n|-heal|p2a: Regirock|213/550|[from] Grassy Terrain\n|upkeep\n|turn|19\n|\n|t:|1685110403\n|move|p1a: Tornadus|Max Overgrowth|p2a: Regirock\n|-supereffective|p2a: Regirock\n|-damage|p2a: Regirock|85/550\n|move|p2a: Regirock|Max Rockfall|p1a: Tornadus\n|-supereffective|p1a: Tornadus\n|-damage|p1a: Tornadus|0 fnt\n|faint|p1a: Tornadus\n|\n|-weather|Sandstorm|[upkeep]\n|-heal|p2a: Regirock|102/550|[from] Grassy Terrain\n|upkeep\n|\n|t:|1685110411\n|switch|p1a: Sudowoodo|Sudowoodo, L87, M|264/264\n|-activate|p1a: Sudowoodo|move: Sticky Web\n|-unboost|p1a: Sudowoodo|spe|1\n|turn|20\n|\n|t:|1685110427\n|move|p2a: Regirock|Max Quake|p1a: Sudowoodo\n|-supereffective|p1a: Sudowoodo\n|-damage|p1a: Sudowoodo|102/264\n|-boost|p2a: Regirock|spd|1\n|move|p1a: Sudowoodo|Stealth Rock|p2a: Regirock\n|-sidestart|p2: Ev_Evan|move: Stealth Rock\n|\n|-weather|Sandstorm|[upkeep]\n|-heal|p2a: Regirock|119/550|[from] Grassy Terrain\n|-heal|p1a: Sudowoodo|118/264|[from] Grassy Terrain\n|-heal|p1a: Sudowoodo|134/264|[from] item: Leftovers\n|upkeep\n|-end|p2a: Regirock|Dynamax\n|-heal|p2a: Regirock|60/275|[silent]\n|turn|21\n|\n|t:|1685110439\n|move|p1a: Sudowoodo|Sucker Punch|p2a: Regirock\n|-damage|p2a: Regirock|34/275\n|move|p2a: Regirock|Body Press|p1a: Sudowoodo\n|-supereffective|p1a: Sudowoodo\n|-damage|p1a: Sudowoodo|0 fnt\n|faint|p1a: Sudowoodo\n|\n|-weather|Sandstorm|[upkeep]\n|-heal|p2a: Regirock|51/275|[from] Grassy Terrain\n|upkeep\n|\n|t:|1685110444\n|switch|p1a: Shiinotic|Shiinotic, L86, F|243/243\n|-activate|p1a: Shiinotic|move: Sticky Web\n|-unboost|p1a: Shiinotic|spe|1\n|turn|22\n|\n|t:|1685110451\n|move|p2a: Regirock|Body Press|p1a: Shiinotic\n|-resisted|p1a: Shiinotic\n|-damage|p1a: Shiinotic|159/243\n|move|p1a: Shiinotic|Strength Sap|p2a: Regirock\n|-unboost|p2a: Regirock|atk|1\n|-heal|p1a: Shiinotic|243/243\n|\n|-weather|none\n|-heal|p2a: Regirock|68/275|[from] Grassy Terrain\n|-fieldend|move: Grassy Terrain\n|upkeep\n|turn|23\n|\n|t:|1685110471\n|move|p2a: Regirock|Body Press|p1a: Shiinotic\n|-resisted|p1a: Shiinotic\n|-crit|p1a: Shiinotic\n|-damage|p1a: Shiinotic|108/243\n|move|p1a: Shiinotic|Energy Ball|p2a: Regirock\n|-supereffective|p2a: Regirock\n|-damage|p2a: Regirock|0 fnt\n|faint|p2a: Regirock\n|\n|-heal|p1a: Shiinotic|123/243|[from] item: Leftovers\n|upkeep\n|\n|t:|1685110478\n|switch|p2a: Machamp|Machamp, L82, F|188/282 par\n|-damage|p2a: Machamp|171/282 par|[from] Stealth Rock\n|turn|24\n|\n|t:|1685110484\n|switch|p1a: Araquanid|Araquanid, L80, M|240/240\n|move|p2a: Machamp|Bullet Punch|p1a: Araquanid\n|-resisted|p1a: Araquanid\n|-damage|p1a: Araquanid|214/240\n|\n|upkeep\n|turn|25\n|\n|t:|1685110495\n|move|p1a: Araquanid|Liquidation|p2a: Machamp\n|-damage|p2a: Machamp|23/282 par\n|cant|p2a: Machamp|par\n|\n|upkeep\n|turn|26\n|\n|t:|1685110516\n|move|p1a: Araquanid|Liquidation|p2a: Machamp\n|-crit|p2a: Machamp\n|-damage|p2a: Machamp|0 fnt\n|faint|p2a: Machamp\n|\n|upkeep\n|inactive|Ev_Evan has 270 seconds left.\n|\n|t:|1685110529\n|switch|p2a: Galvantula|Galvantula, L82, F|78/249 tox\n|turn|27\n|\n|t:|1685110534\n|switch|p1a: Lanturn|Lanturn, L86, M|136/355\n|-activate|p1a: Lanturn|move: Sticky Web\n|-unboost|p1a: Lanturn|spe|1\n|move|p2a: Galvantula|Thunder|p1a: Lanturn\n|-heal|p1a: Lanturn|224/355|[from] ability: Volt Absorb|[of] p2a: Galvantula\n|\n|-damage|p2a: Galvantula|63/249 tox|[from] psn\n|upkeep\n|turn|28\n|\n|t:|1685110550\n|move|p2a: Galvantula|Bug Buzz|p1a: Lanturn\n|-damage|p1a: Lanturn|127/355\n|move|p1a: Lanturn|Volt Switch|p2a: Galvantula\n|-resisted|p2a: Galvantula\n|-damage|p2a: Galvantula|22/249 tox\n|\n|t:|1685110553\n|switch|p1a: Araquanid|Araquanid, L80, M|214/240|[from] Volt Switch\n|\n|-damage|p2a: Galvantula|0 fnt|[from] psn\n|faint|p2a: Galvantula\n|upkeep\n|\n|t:|1685110565\n|switch|p2a: Decidueye|Decidueye, L86, M|257/274 tox\n|-damage|p2a: Decidueye|223/274 tox|[from] Stealth Rock\n|turn|29\n|inactive|Ev_Evan has 270 seconds left.\n|\n|t:|1685110618\n|move|p2a: Decidueye|Leaf Blade|p1a: Araquanid\n|-damage|p1a: Araquanid|102/240\n|move|p1a: Araquanid|Liquidation|p2a: Decidueye\n|-resisted|p2a: Decidueye\n|-crit|p2a: Decidueye\n|-damage|p2a: Decidueye|112/274 tox\n|\n|-damage|p2a: Decidueye|95/274 tox|[from] psn\n|upkeep\n|turn|30\n|\n|t:|1685110626\n|switch|p1a: Lanturn|Lanturn, L86, M|127/355\n|-activate|p1a: Lanturn|move: Sticky Web\n|-unboost|p1a: Lanturn|spe|1\n|move|p2a: Decidueye|Leaf Blade|p1a: Lanturn\n|-supereffective|p1a: Lanturn\n|-crit|p1a: Lanturn\n|-damage|p1a: Lanturn|0 fnt\n|faint|p1a: Lanturn\n|\n|-damage|p2a: Decidueye|61/274 tox|[from] psn\n|upkeep\n|\n|t:|1685110628\n|switch|p1a: Shiinotic|Shiinotic, L86, F|123/243\n|-activate|p1a: Shiinotic|move: Sticky Web\n|-unboost|p1a: Shiinotic|spe|1\n|turn|31\n|\n|t:|1685110639\n|move|p2a: Decidueye|Roost|p2a: Decidueye\n|-heal|p2a: Decidueye|198/274 tox\n|-singleturn|p2a: Decidueye|move: Roost\n|move|p1a: Shiinotic|Strength Sap|p2a: Decidueye\n|-unboost|p2a: Decidueye|atk|1\n|-heal|p1a: Shiinotic|243/243\n|\n|-damage|p2a: Decidueye|147/274 tox|[from] psn\n|upkeep\n|turn|32\n|\n|t:|1685110646\n|switch|p2a: Malamar|Malamar, L80, M|161/269 tox\n|-damage|p2a: Malamar|128/269 tox|[from] Stealth Rock\n|move|p1a: Shiinotic|Moonblast|p2a: Malamar\n|-supereffective|p2a: Malamar\n|-damage|p2a: Malamar|0 fnt\n|faint|p2a: Malamar\n|\n|upkeep\n|\n|t:|1685110652\n|switch|p2a: Victini|Victini, L78|53/283 tox\n|-damage|p2a: Victini|0 fnt|[from] Stealth Rock\n|faint|p2a: Victini\n|\n|t:|1685110653\n|switch|p2a: Decidueye|Decidueye, L86, M|147/274 tox\n|-damage|p2a: Decidueye|113/274 tox|[from] Stealth Rock\n|turn|33\n|inactive|Ev_Evan has 270 seconds left.\n|\n|t:|1685110658\n|move|p2a: Decidueye|Roost|p2a: Decidueye\n|-heal|p2a: Decidueye|250/274 tox\n|-singleturn|p2a: Decidueye|move: Roost\n|move|p1a: Shiinotic|Moonblast|p2a: Decidueye\n|-damage|p2a: Decidueye|156/274 tox\n|\n|-damage|p2a: Decidueye|139/274 tox|[from] psn\n|upkeep\n|turn|34\n|\n|t:|1685110663\n|move|p2a: Decidueye|Poltergeist|p1a: Shiinotic\n|-activate|p1a: Shiinotic|move: Poltergeist|Leftovers\n|-damage|p1a: Shiinotic|98/243\n|move|p1a: Shiinotic|Moonblast|p2a: Decidueye\n|-damage|p2a: Decidueye|43/274 tox\n|\n|-heal|p1a: Shiinotic|113/243|[from] item: Leftovers\n|-damage|p2a: Decidueye|9/274 tox|[from] psn\n|upkeep\n|turn|35\n|\n|t:|1685110669\n|move|p2a: Decidueye|Roost|p2a: Decidueye\n|-heal|p2a: Decidueye|146/274 tox\n|-singleturn|p2a: Decidueye|move: Roost\n|move|p1a: Shiinotic|Strength Sap|p2a: Decidueye\n|-unboost|p2a: Decidueye|atk|1\n|-heal|p1a: Shiinotic|243/243\n|\n|-damage|p2a: Decidueye|95/274 tox|[from] psn\n|upkeep\n|turn|36\n|\n|t:|1685110673\n|move|p2a: Decidueye|Roost|p2a: Decidueye\n|-heal|p2a: Decidueye|232/274 tox\n|-singleturn|p2a: Decidueye|move: Roost\n|move|p1a: Shiinotic|Moonblast|p2a: Decidueye\n|-damage|p2a: Decidueye|144/274 tox\n|\n|-damage|p2a: Decidueye|76/274 tox|[from] psn\n|upkeep\n|turn|37\n|\n|t:|1685110676\n|move|p2a: Decidueye|Roost|p2a: Decidueye\n|-heal|p2a: Decidueye|213/274 tox\n|-singleturn|p2a: Decidueye|move: Roost\n|move|p1a: Shiinotic|Moonblast|p2a: Decidueye\n|-damage|p2a: Decidueye|119/274 tox\n|\n|-damage|p2a: Decidueye|34/274 tox|[from] psn\n|upkeep\n|turn|38\n|c|\u2606Ev_Evan|crap\n|c|\u2606Ev_Evan|gg\n|c|\u2606PrinceOfAllTacos|gg\n|\n|t:|1685110683\n|move|p2a: Decidueye|Roost|p2a: Decidueye\n|-heal|p2a: Decidueye|171/274 tox\n|-singleturn|p2a: Decidueye|move: Roost\n|move|p1a: Shiinotic|Moonblast|p2a: Decidueye\n|-damage|p2a: Decidueye|74/274 tox\n|\n|-damage|p2a: Decidueye|0 fnt|[from] psn\n|faint|p2a: Decidueye\n|\n|win|PrinceOfAllTacos\n|upkeep\n|c|\u2606PrinceOfAllTacos|was close\n|c|\u2606Ev_Evan|so clodse\n|c|\u2606Ev_Evan|sad\n|l|\u2606PrinceOfAllTacos\n|c|\u2606Ev_Evan|but expected\n|l|\u2606Ev_Evan\n|j|\u2606PrinceOfAllTacos\n|player|p1|PrinceOfAllTacos|#psplxtournaments\n", "inputlog": ">version 61c68e60481ef09071210320730fc448fef50368\n>start {\"formatid\":\"gen8randombattle\",\"seed\":[56602,35276,21494,45210]}\n>player p1 {\"name\":\"PrinceOfAllTacos\",\"avatar\":\"#psplxtournaments\",\"rating\":0,\"seed\":[34624,6419,27980,51938]}\n>player p2 {\"name\":\"Ev_Evan\",\"avatar\":\"volkner\",\"rating\":0,\"seed\":[57773,25938,1922,59591]}\n>chat \u2606Ev_Evan|glhf\n>chat \u2606PrinceOfAllTacos|you too\n>p1 move toxic\n>p2 move knockoff\n>p1 move toxic\n>p2 move superpower\n>p1 move voltswitch\n>p2 move superpower\n>p1 switch 6\n>p1 move thunderbolt\n>p2 switch 3\n>p1 move toxic\n>p2 move blueflare\n>p1 move recycle\n>p2 move blueflare\n>p1 move protect\n>p2 move glaciate\n>p1 move recycle\n>p2 move blueflare\n>p1 move thunderbolt\n>p2 switch 2\n>p1 move recycle\n>p2 move bulletpunch\n>p1 move thunderbolt\n>p2 switch 6\n>p1 move toxic\n>p2 move stickyweb\n>p1 move protect\n>p2 move bugbuzz\n>p1 move thunderbolt\n>p2 move voltswitch\n>p2 switch 5\n>p1 move toxic\n>p2 move swordsdance\n>p1 move toxic\n>p2 move leafblade\n>p1 switch 2\n>p1 move hurricane dynamax\n>p2 switch 4\n>p1 move grassknot dynamax\n>p2 move rockslide dynamax\n>p1 move grassknot dynamax\n>p2 move rockslide dynamax\n>p1 switch 5\n>p1 move stealthrock\n>p2 move earthquake dynamax\n>p1 move suckerpunch\n>p2 move bodypress\n>p1 switch 4\n>p1 move strengthsap\n>p2 move bodypress\n>p1 move energyball\n>p2 move bodypress\n>p2 switch 6\n>p1 switch 3\n>p2 move bulletpunch\n>p1 move liquidation\n>p2 move facade\n>p1 move liquidation\n>p2 move facade\n>p2 switch 5\n>p1 switch 6\n>p2 move thunder\n>p1 move voltswitch\n>p2 move bugbuzz\n>p1 switch 6\n>p2 switch 4\n>p1 move liquidation\n>p2 move leafblade\n>p1 switch 6\n>p2 move leafblade\n>p1 switch 3\n>p1 move strengthsap\n>p2 move roost\n>p1 move moonblast\n>p2 switch 3\n>p2 switch 2\n>p2 switch 3\n>p1 move moonblast\n>p2 move roost\n>p1 move moonblast\n>p2 move poltergeist\n>p1 move strengthsap\n>p2 move roost\n>p1 move moonblast\n>p2 move roost\n>p1 move moonblast\n>p2 move roost\n>chat \u2606Ev_Evan|crap\n>chat \u2606Ev_Evan| gg\n>chat \u2606PrinceOfAllTacos|gg\n>p1 move moonblast\n>p2 move roost", "uploadtime": 1685110693, "views": 10, "p1id": "princeofalltacos", "p2id": "evevan", "formatid": "gen8randombattle", "rating": 0, "private": 0, "password": ""}