{"id": "gen8randombattle-1872551233", "p1": "LilRedRayne", "p2": "cpal2004", "format": "[Gen 8] Random Battle", "log": "|j|\u2606LilRedRayne\n|j|\u2606cpal2004\n|t:|1685242474\n|gametype|singles\n|player|p1|LilRedRayne|swimmerf|1059\n|player|p2|cpal2004|170|1000\n|teamsize|p1|6\n|teamsize|p2|6\n|gen|8\n|tier|[Gen 8] Random Battle\n|rated|\n|rule|Species Clause: Limit one of each Pok\u00e9mon\n|rule|HP Percentage Mod: HP is shown in percentages\n|rule|Sleep Clause Mod: Limit one foe put to sleep\n|\n|t:|1685242474\n|start\n|switch|p1a: Milotic|Milotic, L82, M|290/290\n|switch|p2a: Manectric|Manectric, L86, M|261/261\n|turn|1\n|\n|t:|1685242497\n|switch|p1a: Landorus|Landorus-Therian, L72, M|247/247\n|-ability|p1a: Landorus|Intimidate|boost\n|-unboost|p2a: Manectric|atk|1\n|move|p2a: Manectric|Switcheroo|p1a: Landorus\n|-activate|p2a: Manectric|move: Trick|[of] p1a: Landorus\n|-item|p1a: Landorus|Choice Scarf|[from] move: Switcheroo\n|-item|p2a: Manectric|Leftovers|[from] move: Switcheroo\n|\n|upkeep\n|turn|2\n|\n|t:|1685242514\n|switch|p2a: Celesteela|Celesteela, L77|276/276\n|move|p1a: Landorus|Earthquake|p2a: Celesteela\n|-immune|p2a: Celesteela\n|\n|upkeep\n|turn|3\n|\n|t:|1685242529\n|move|p1a: Landorus|Earthquake|p2a: Celesteela\n|-immune|p2a: Celesteela\n|move|p2a: Celesteela|Leech Seed|p1a: Landorus\n|-start|p1a: Landorus|move: Leech Seed\n|\n|-damage|p1a: Landorus|217/247|[from] Leech Seed|[of] p2a: Celesteela\n|upkeep\n|turn|4\n|\n|t:|1685242555\n|move|p1a: Landorus|Earthquake|p2a: Celesteela\n|-immune|p2a: Celesteela\n|move|p2a: Celesteela|Air Slash|p1a: Landorus\n|-damage|p1a: Landorus|135/247\n|\n|-damage|p1a: Landorus|105/247|[from] Leech Seed|[of] p2a: Celesteela\n|upkeep\n|turn|5\n|\n|t:|1685242572\n|switch|p1a: Bouffalant|Bouffalant, L84, F|297/297\n|move|p2a: Celesteela|Air Slash|p1a: Bouffalant\n|-damage|p1a: Bouffalant|224/297\n|\n|-heal|p1a: Bouffalant|242/297|[from] item: Leftovers\n|upkeep\n|turn|6\n|\n|t:|1685242584\n|move|p1a: Bouffalant|Swords Dance|p1a: Bouffalant\n|-boost|p1a: Bouffalant|atk|2\n|move|p2a: Celesteela|Leech Seed|p1a: Bouffalant|[miss]\n|-miss|p2a: Celesteela|p1a: Bouffalant\n|\n|-heal|p1a: Bouffalant|260/297|[from] item: Leftovers\n|upkeep\n|turn|7\n|\n|t:|1685242591\n|move|p1a: Bouffalant|Head Charge|p2a: Celesteela\n|-resisted|p2a: Celesteela\n|-damage|p2a: Celesteela|120/276\n|-damage|p1a: Bouffalant|221/297|[from] Recoil\n|move|p2a: Celesteela|Leech Seed|p1a: Bouffalant\n|-start|p1a: Bouffalant|move: Leech Seed\n|\n|-heal|p1a: Bouffalant|239/297|[from] item: Leftovers\n|-heal|p2a: Celesteela|137/276|[from] item: Leftovers\n|-damage|p1a: Bouffalant|202/297|[from] Leech Seed|[of] p2a: Celesteela\n|-heal|p2a: Celesteela|174/276|[silent]\n|upkeep\n|turn|8\n|\n|t:|1685242602\n|move|p2a: Celesteela|Protect|p2a: Celesteela\n|-singleturn|p2a: Celesteela|Protect\n|move|p1a: Bouffalant|Head Charge|p2a: Celesteela\n|-activate|p2a: Celesteela|move: Protect\n|\n|-heal|p1a: Bouffalant|220/297|[from] item: Leftovers\n|-heal|p2a: Celesteela|191/276|[from] item: Leftovers\n|-damage|p1a: Bouffalant|183/297|[from] Leech Seed|[of] p2a: Celesteela\n|-heal|p2a: Celesteela|228/276|[silent]\n|upkeep\n|turn|9\n|\n|t:|1685242619\n|move|p1a: Bouffalant|Head Charge|p2a: Celesteela\n|-resisted|p2a: Celesteela\n|-damage|p2a: Celesteela|63/276\n|-damage|p1a: Bouffalant|142/297|[from] Recoil\n|move|p2a: Celesteela|Flash Cannon|p1a: Bouffalant\n|-damage|p1a: Bouffalant|72/297\n|\n|-heal|p1a: Bouffalant|90/297|[from] item: Leftovers\n|-heal|p2a: Celesteela|80/276|[from] item: Leftovers\n|-damage|p1a: Bouffalant|53/297|[from] Leech Seed|[of] p2a: Celesteela\n|-heal|p2a: Celesteela|117/276|[silent]\n|upkeep\n|turn|10\n|\n|t:|1685242632\n|move|p2a: Celesteela|Protect|p2a: Celesteela\n|-singleturn|p2a: Celesteela|Protect\n|move|p1a: Bouffalant|Head Charge|p2a: Celesteela\n|-activate|p2a: Celesteela|move: Protect\n|\n|-heal|p1a: Bouffalant|71/297|[from] item: Leftovers\n|-heal|p2a: Celesteela|134/276|[from] item: Leftovers\n|-damage|p1a: Bouffalant|34/297|[from] Leech Seed|[of] p2a: Celesteela\n|-heal|p2a: Celesteela|171/276|[silent]\n|upkeep\n|turn|11\n|\n|t:|1685242668\n|switch|p2a: Audino|Audino, L91, F|335/335\n|move|p1a: Bouffalant|Head Charge|p2a: Audino\n|-damage|p2a: Audino|47/335\n|-damage|p1a: Bouffalant|0 fnt|[from] Recoil\n|faint|p1a: Bouffalant\n|\n|-heal|p2a: Audino|67/335|[from] item: Leftovers\n|upkeep\n|inactive|Battle timer is ON: inactive players will automatically lose when time's up. (requested by cpal2004)\n|\n|t:|1685242726\n|switch|p1a: Gourgeist|Gourgeist-Large, L84, F|263/263\n|-item|p2a: Audino|Leftovers|[from] ability: Frisk|[of] p1a: Gourgeist|[identify]\n|turn|12\n|\n|t:|1685242738\n|switch|p2a: Celesteela|Celesteela, L77|171/276\n|move|p1a: Gourgeist|Shadow Sneak|p2a: Celesteela\n|-damage|p2a: Celesteela|123/276\n|-damage|p1a: Gourgeist|237/263|[from] item: Life Orb\n|\n|-heal|p2a: Celesteela|140/276|[from] item: Leftovers\n|upkeep\n|turn|13\n|\n|t:|1685242755\n|move|p2a: Celesteela|Protect|p2a: Celesteela\n|-singleturn|p2a: Celesteela|Protect\n|move|p1a: Gourgeist|Synthesis|p1a: Gourgeist\n|-heal|p1a: Gourgeist|263/263\n|\n|-heal|p2a: Celesteela|157/276|[from] item: Leftovers\n|upkeep\n|turn|14\n|\n|t:|1685242762\n|switch|p1a: Milotic|Milotic, L82, M|290/290\n|move|p2a: Celesteela|Air Slash|p1a: Milotic\n|-damage|p1a: Milotic|238/290\n|\n|-heal|p1a: Milotic|256/290|[from] item: Leftovers\n|-heal|p2a: Celesteela|174/276|[from] item: Leftovers\n|upkeep\n|turn|15\n|\n|t:|1685242770\n|move|p1a: Milotic|Ice Beam|p2a: Celesteela\n|-damage|p2a: Celesteela|113/276\n|move|p2a: Celesteela|Leech Seed|p1a: Milotic\n|-start|p1a: Milotic|move: Leech Seed\n|\n|-heal|p1a: Milotic|274/290|[from] item: Leftovers\n|-heal|p2a: Celesteela|130/276|[from] item: Leftovers\n|-damage|p1a: Milotic|238/290|[from] Leech Seed|[of] p2a: Celesteela\n|-heal|p2a: Celesteela|166/276|[silent]\n|upkeep\n|turn|16\n|inactive|cpal2004 has 120 seconds left.\n|\n|t:|1685242816\n|switch|p1a: Kyurem|Kyurem-White, L74|307/307\n|-ability|p1a: Kyurem|Turboblaze\n|switch|p2a: Manectric|Manectric, L86, M|261/261\n|\n|upkeep\n|turn|17\n|\n|t:|1685242832\n|move|p2a: Manectric|Overheat|p1a: Kyurem\n|-damage|p1a: Kyurem|196/307\n|-unboost|p2a: Manectric|spa|2\n|move|p1a: Kyurem|Draco Meteor|p2a: Manectric\n|-damage|p2a: Manectric|56/261\n|-unboost|p1a: Kyurem|spa|2\n|\n|-heal|p2a: Manectric|72/261|[from] item: Leftovers\n|upkeep\n|turn|18\n|\n|t:|1685242845\n|move|p2a: Manectric|Switcheroo|p1a: Kyurem\n|-activate|p2a: Manectric|move: Trick|[of] p1a: Kyurem\n|-item|p1a: Kyurem|Leftovers|[from] move: Switcheroo\n|-item|p2a: Manectric|Heavy-Duty Boots|[from] move: Switcheroo\n|move|p1a: Kyurem|Draco Meteor|p2a: Manectric\n|-damage|p2a: Manectric|0 fnt\n|-unboost|p1a: Kyurem|spa|2\n|faint|p2a: Manectric\n|\n|-heal|p1a: Kyurem|215/307|[from] item: Leftovers\n|upkeep\n|\n|t:|1685242852\n|switch|p2a: Celesteela|Celesteela, L77|166/276\n|turn|19\n|\n|t:|1685242870\n|move|p1a: Kyurem|Roost|p1a: Kyurem\n|-heal|p1a: Kyurem|307/307\n|-singleturn|p1a: Kyurem|move: Roost\n|move|p2a: Celesteela|Leech Seed|p1a: Kyurem|[miss]\n|-miss|p2a: Celesteela|p1a: Kyurem\n|\n|-heal|p2a: Celesteela|183/276|[from] item: Leftovers\n|upkeep\n|turn|20\n|\n|t:|1685242888\n|move|p1a: Kyurem|Draco Meteor|p2a: Celesteela\n|-resisted|p2a: Celesteela\n|-crit|p2a: Celesteela\n|-damage|p2a: Celesteela|66/276\n|-unboost|p1a: Kyurem|spa|2\n|move|p2a: Celesteela|Leech Seed|p1a: Kyurem\n|-start|p1a: Kyurem|move: Leech Seed\n|\n|-heal|p2a: Celesteela|83/276|[from] item: Leftovers\n|-damage|p1a: Kyurem|269/307|[from] Leech Seed|[of] p2a: Celesteela\n|-heal|p2a: Celesteela|121/276|[silent]\n|upkeep\n|turn|21\n|\n|t:|1685242903\n|move|p2a: Celesteela|Protect|p2a: Celesteela\n|-singleturn|p2a: Celesteela|Protect\n|move|p1a: Kyurem|Draco Meteor|p2a: Celesteela\n|-activate|p2a: Celesteela|move: Protect\n|\n|-heal|p1a: Kyurem|288/307|[from] item: Leftovers\n|-heal|p2a: Celesteela|138/276|[from] item: Leftovers\n|-damage|p1a: Kyurem|250/307|[from] Leech Seed|[of] p2a: Celesteela\n|-heal|p2a: Celesteela|176/276|[silent]\n|upkeep\n|turn|22\n|\n|t:|1685242915\n|move|p1a: Kyurem|Draco Meteor|p2a: Celesteela\n|-resisted|p2a: Celesteela\n|-damage|p2a: Celesteela|156/276\n|move|p2a: Celesteela|Flash Cannon|p1a: Kyurem\n|-supereffective|p1a: Kyurem\n|-damage|p1a: Kyurem|100/307\n|\n|-heal|p1a: Kyurem|119/307|[from] item: Leftovers\n|-heal|p2a: Celesteela|173/276|[from] item: Leftovers\n|-damage|p1a: Kyurem|81/307|[from] Leech Seed|[of] p2a: Celesteela\n|-heal|p2a: Celesteela|211/276|[silent]\n|upkeep\n|turn|23\n|\n|t:|1685242928\n|switch|p1a: Corsola|Corsola, L93, M|272/272\n|move|p2a: Celesteela|Protect||[still]\n|-fail|p2a: Celesteela\n|\n|-heal|p2a: Celesteela|228/276|[from] item: Leftovers\n|upkeep\n|turn|24\n|\n|t:|1685242938\n|move|p2a: Celesteela|Leech Seed|p1a: Corsola\n|-start|p1a: Corsola|move: Leech Seed\n|move|p1a: Corsola|Power Gem|p2a: Celesteela\n|-damage|p2a: Celesteela|152/276\n|\n|-heal|p2a: Celesteela|169/276|[from] item: Leftovers\n|-damage|p1a: Corsola|238/272|[from] Leech Seed|[of] p2a: Celesteela\n|-heal|p2a: Celesteela|203/276|[silent]\n|upkeep\n|turn|25\n|inactive|cpal2004 has 120 seconds left.\n|\n|t:|1685242951\n|switch|p2a: Audino|Audino, L91, F|178/335\n|move|p1a: Corsola|Scald|p2a: Audino\n|-damage|p2a: Audino|105/335\n|-status|p2a: Audino|brn\n|\n|-heal|p2a: Audino|125/335 brn|[from] item: Leftovers\n|-damage|p1a: Corsola|204/272|[from] Leech Seed|[of] p2a: Audino\n|-heal|p2a: Audino|159/335 brn|[silent]\n|-damage|p2a: Audino|139/335 brn|[from] brn\n|upkeep\n|turn|26\n|inactive|cpal2004 has 120 seconds left.\n|\n|t:|1685242962\n|switch|p2a: Clefable|Clefable, L82, M|290/290\n|move|p1a: Corsola|Scald|p2a: Clefable\n|-damage|p2a: Clefable|217/290\n|-status|p2a: Clefable|brn\n|\n|-damage|p1a: Corsola|170/272|[from] Leech Seed|[of] p2a: Clefable\n|-heal|p2a: Clefable|251/290 brn|[silent]\n|upkeep\n|turn|27\n|inactive|cpal2004 has 120 seconds left.\n|\n|t:|1685242970\n|move|p2a: Clefable|Calm Mind|p2a: Clefable\n|-boost|p2a: Clefable|spa|1\n|-boost|p2a: Clefable|spd|1\n|move|p1a: Corsola|Scald|p2a: Clefable\n|-damage|p2a: Clefable|194/290 brn\n|\n|-damage|p1a: Corsola|136/272|[from] Leech Seed|[of] p2a: Clefable\n|-heal|p2a: Clefable|228/290 brn|[silent]\n|upkeep\n|turn|28\n|\n|t:|1685242981\n|move|p2a: Clefable|Calm Mind|p2a: Clefable\n|-boost|p2a: Clefable|spa|1\n|-boost|p2a: Clefable|spd|1\n|move|p1a: Corsola|Power Gem|p2a: Clefable\n|-damage|p2a: Clefable|186/290 brn\n|\n|-damage|p1a: Corsola|102/272|[from] Leech Seed|[of] p2a: Clefable\n|-heal|p2a: Clefable|220/290 brn|[silent]\n|upkeep\n|turn|29\n|\n|t:|1685242999\n|move|p2a: Clefable|Calm Mind|p2a: Clefable\n|-boost|p2a: Clefable|spa|1\n|-boost|p2a: Clefable|spd|1\n|move|p1a: Corsola|Power Gem|p2a: Clefable\n|-damage|p2a: Clefable|187/290 brn\n|\n|-damage|p1a: Corsola|68/272|[from] Leech Seed|[of] p2a: Clefable\n|-heal|p2a: Clefable|221/290 brn|[silent]\n|upkeep\n|turn|30\n|-message|LilRedRayne forfeited.\n|\n|win|cpal2004\n|raw|LilRedRayne's rating: 1059 &rarr; <strong>1037</strong><br />(-22 for losing)\n|raw|cpal2004's rating: 1000 &rarr; <strong>1047</strong><br />(+47 for winning)\n|l|\u2606LilRedRayne\n", "inputlog": ">version d74822bbc74c095aa312053f7034baee3068d99e\n>start {\"formatid\":\"gen8randombattle\",\"seed\":[18518,3692,26387,24547],\"rated\":\"Rated battle\"}\n>player p1 {\"name\":\"LilRedRayne\",\"avatar\":\"swimmerf\",\"rating\":1059,\"seed\":[30630,29722,43118,31556]}\n>player p2 {\"name\":\"cpal2004\",\"avatar\":\"170\",\"rating\":1000,\"seed\":[27626,45265,7780,26164]}\n>p1 switch 5\n>p2 move switcheroo\n>p1 move earthquake\n>p2 switch 3\n>p1 move earthquake\n>p2 move leechseed\n>p1 move earthquake\n>p2 move airslash\n>p1 switch 2\n>p2 move airslash\n>p1 move swordsdance\n>p2 move leechseed\n>p1 move headcharge\n>p2 move leechseed\n>p1 move headcharge\n>p2 move protect\n>p1 move headcharge\n>p2 move flashcannon\n>p1 move headcharge\n>p2 move protect\n>p1 move headcharge\n>p2 switch 5\n>p1 switch 4\n>p1 move shadowsneak\n>p2 switch 5\n>p1 move synthesis\n>p2 move protect\n>p1 switch 5\n>p2 move airslash\n>p1 move icebeam\n>p2 move leechseed\n>p1 switch 3\n>p2 switch 3\n>p1 move dracometeor\n>p2 move overheat\n>p1 move dracometeor\n>p2 move switcheroo\n>p2 switch 3\n>p1 move roost\n>p2 move leechseed\n>p1 move dracometeor\n>p2 move leechseed\n>p1 move dracometeor\n>p2 move protect\n>p1 move dracometeor\n>p2 move flashcannon\n>p1 switch 6\n>p2 move protect\n>p1 move powergem\n>p2 move leechseed\n>p1 move scald\n>p2 switch 5\n>p1 move scald\n>p2 switch 6\n>p1 move scald\n>p2 move calmmind\n>p1 move powergem\n>p2 move calmmind\n>p1 move powergem\n>p2 move calmmind\n>forcelose p1", "uploadtime": 1685243012, "views": 5, "p1id": "lilredrayne", "p2id": "cpal2004", "formatid": "gen8randombattle", "rating": 1037, "private": 0, "password": ""}