{"id": "gen8randombattle-1862112084", "p1": "lauda Mera", "p2": "murraylef99", "format": "[Gen 8] Random Battle", "log": "|j|\u2606lauda Mera\n|j|\u2606murraylef99\n|t:|1683838189\n|gametype|singles\n|player|p1|lauda Mera|hilbert-wonderlauncher|1471\n|player|p2|murraylef99|hilbert-wonderlauncher|1314\n|teamsize|p1|6\n|teamsize|p2|6\n|gen|8\n|tier|[Gen 8] Random Battle\n|rated|\n|rule|Species Clause: Limit one of each Pok\u00e9mon\n|rule|HP Percentage Mod: HP is shown in percentages\n|rule|Sleep Clause Mod: Limit one foe put to sleep\n|\n|t:|1683838189\n|start\n|switch|p1a: Toxicroak|Toxicroak, L84, M|277/277\n|switch|p2a: Miltank|Miltank, L84, F|297/297\n|turn|1\n|inactive|Battle timer is ON: inactive players will automatically lose when time's up. (requested by murraylef99)\n|inactive|lauda Mera also wants the timer to be on.\n|\n|t:|1683838196\n|move|p2a: Miltank|Earthquake|p1a: Toxicroak\n|-supereffective|p1a: Toxicroak\n|-damage|p1a: Toxicroak|111/277\n|move|p1a: Toxicroak|Drain Punch|p2a: Miltank\n|-supereffective|p2a: Miltank\n|-damage|p2a: Miltank|135/297\n|-heal|p1a: Toxicroak|192/277|[from] drain|[of] p2a: Miltank\n|\n|-heal|p2a: Miltank|153/297|[from] item: Leftovers\n|-heal|p1a: Toxicroak|209/277|[from] item: Black Sludge\n|upkeep\n|turn|2\n|\n|t:|1683838209\n|switch|p2a: Gyarados|Gyarados, L76, M|269/269\n|move|p1a: Toxicroak|Drain Punch|p2a: Gyarados\n|-resisted|p2a: Gyarados\n|-crit|p2a: Gyarados\n|-damage|p2a: Gyarados|186/269\n|-heal|p1a: Toxicroak|251/277|[from] drain|[of] p2a: Gyarados\n|\n|-heal|p1a: Toxicroak|268/277|[from] item: Black Sludge\n|upkeep\n|turn|3\n|\n|t:|1683838228\n|move|p1a: Toxicroak|Gunk Shot|p2a: Gyarados|[miss]\n|-miss|p1a: Toxicroak|p2a: Gyarados\n|move|p2a: Gyarados|Bounce||[still]\n|-prepare|p2a: Gyarados|Bounce\n|\n|-heal|p1a: Toxicroak|277/277|[from] item: Black Sludge\n|upkeep\n|turn|4\n|\n|t:|1683838234\n|move|p1a: Toxicroak|Substitute|p1a: Toxicroak\n|-start|p1a: Toxicroak|Substitute\n|-damage|p1a: Toxicroak|208/277\n|move|p2a: Gyarados|Bounce|p1a: Toxicroak|[from]lockedmove\n|-supereffective|p1a: Toxicroak\n|-end|p1a: Toxicroak|Substitute\n|\n|-heal|p1a: Toxicroak|225/277|[from] item: Black Sludge\n|upkeep\n|turn|5\n|\n|t:|1683838249\n|switch|p2a: Whiscash|Whiscash, L86, F|329/329\n|move|p1a: Toxicroak|Gunk Shot|p2a: Whiscash|[miss]\n|-miss|p1a: Toxicroak|p2a: Whiscash\n|\n|-heal|p1a: Toxicroak|242/277|[from] item: Black Sludge\n|upkeep\n|turn|6\n|\n|t:|1683838257\n|switch|p1a: Lurantis|Lurantis, L86, M|261/261\n|move|p2a: Whiscash|Zen Headbutt|p1a: Lurantis\n|-damage|p1a: Lurantis|190/261\n|\n|upkeep\n|turn|7\n|\n|t:|1683838271\n|switch|p2a: Goodra|Goodra, L82, F|282/282\n|move|p1a: Lurantis|Superpower|p2a: Goodra\n|-damage|p2a: Goodra|121/282\n|-boost|p1a: Lurantis|atk|1\n|-boost|p1a: Lurantis|def|1\n|-damage|p1a: Lurantis|164/261|[from] item: Life Orb\n|\n|upkeep\n|turn|8\n|\n|t:|1683838279\n|switch|p1a: Toxicroak|Toxicroak, L84, M|242/277\n|move|p2a: Goodra|Fire Blast|p1a: Toxicroak|[miss]\n|-miss|p2a: Goodra|p1a: Toxicroak\n|\n|-heal|p1a: Toxicroak|259/277|[from] item: Black Sludge\n|upkeep\n|turn|9\n|\n|t:|1683838288\n|move|p1a: Toxicroak|Substitute|p1a: Toxicroak\n|-start|p1a: Toxicroak|Substitute\n|-damage|p1a: Toxicroak|190/277\n|move|p2a: Goodra|Earthquake|p1a: Toxicroak\n|-supereffective|p1a: Toxicroak\n|-end|p1a: Toxicroak|Substitute\n|\n|-heal|p1a: Toxicroak|207/277|[from] item: Black Sludge\n|upkeep\n|turn|10\n|\n|t:|1683838297\n|move|p1a: Toxicroak|Drain Punch|p2a: Goodra\n|-damage|p2a: Goodra|25/282\n|-heal|p1a: Toxicroak|255/277|[from] drain|[of] p2a: Goodra\n|move|p2a: Goodra|Earthquake|p1a: Toxicroak\n|-supereffective|p1a: Toxicroak\n|-damage|p1a: Toxicroak|71/277\n|\n|-heal|p1a: Toxicroak|88/277|[from] item: Black Sludge\n|upkeep\n|turn|11\n|\n|t:|1683838316\n|move|p1a: Toxicroak|Drain Punch|p2a: Goodra\n|-damage|p2a: Goodra|0 fnt\n|-heal|p1a: Toxicroak|101/277|[from] drain|[of] p2a: Goodra\n|faint|p2a: Goodra\n|\n|-heal|p1a: Toxicroak|118/277|[from] item: Black Sludge\n|upkeep\n|\n|t:|1683838325\n|switch|p2a: Whiscash|Whiscash, L82, F|233/233\n|turn|12\n|\n|t:|1683838341\n|switch|p1a: Lurantis|Lurantis, L86, M|164/261\n|move|p2a: Whiscash|Nasty Plot|p2a: Whiscash\n|-boost|p2a: Whiscash|spa|2\n|\n|upkeep\n|turn|13\n|\n|t:|1683838352\n|move|p2a: Whiscash|Flamethrower|p1a: Lurantis\n|-supereffective|p1a: Lurantis\n|-damage|p1a: Lurantis|0 fnt\n|faint|p1a: Lurantis\n|-damage|p2a: Whiscash|210/233|[from] item: Life Orb\n|\n|upkeep\n|\n|t:|1683838357\n|switch|p1a: Nidoking|Nidoking, L82, M|267/267\n|turn|14\n|\n|t:|1683838376\n|move|p2a: Whiscash|Dark Pulse|p1a: Nidoking\n|-damage|p1a: Nidoking|1/267\n|-damage|p2a: Whiscash|187/233|[from] item: Life Orb\n|move|p1a: Nidoking|Earth Power|p2a: Whiscash\n|-damage|p2a: Whiscash|10/233\n|replace|p2a: Zoroark|Zoroark, L82, F\n|-end|p2a: Zoroark|Illusion\n|\n|upkeep\n|turn|15\n|\n|t:|1683838386\n|move|p2a: Zoroark|Flamethrower|p1a: Nidoking\n|-damage|p1a: Nidoking|0 fnt\n|faint|p1a: Nidoking\n|-damage|p2a: Zoroark|0 fnt|[from] item: Life Orb\n|faint|p2a: Zoroark\n|\n|upkeep\n|\n|t:|1683838395\n|switch|p2a: Miltank|Miltank, L84, F|153/297\n|switch|p1a: Toxicroak|Toxicroak, L84, M|118/277\n|turn|16\n|\n|t:|1683838416\n|move|p2a: Miltank|Earthquake|p1a: Toxicroak\n|-supereffective|p1a: Toxicroak\n|-damage|p1a: Toxicroak|0 fnt\n|faint|p1a: Toxicroak\n|\n|-heal|p2a: Miltank|171/297|[from] item: Leftovers\n|upkeep\n|inactive|lauda Mera has 120 seconds left.\n|inactive|lauda Mera has 90 seconds left.\n|inactive|lauda Mera has 60 seconds left.\n|\n|t:|1683838494\n|switch|p1a: Metagross|Metagross, L79|256/256\n|turn|17\n|\n|t:|1683838501\n|move|p2a: Miltank|Earthquake|p1a: Metagross\n|-supereffective|p1a: Metagross\n|-damage|p1a: Metagross|166/256\n|-enditem|p1a: Metagross|Weakness Policy\n|-boost|p1a: Metagross|atk|2|[from] item: Weakness Policy\n|-boost|p1a: Metagross|spa|2|[from] item: Weakness Policy\n|move|p1a: Metagross|Agility|p1a: Metagross\n|-boost|p1a: Metagross|spe|2\n|\n|-heal|p2a: Miltank|189/297|[from] item: Leftovers\n|upkeep\n|turn|18\n|\n|t:|1683838511\n|-start|p1a: Metagross|Dynamax|\n|-heal|p1a: Metagross|332/512|[silent]\n|move|p1a: Metagross|Max Steelspike|p2a: Miltank\n|-damage|p2a: Miltank|0 fnt\n|-boost|p1a: Metagross|def|1\n|faint|p2a: Miltank\n|\n|upkeep\n|\n|t:|1683838519\n|switch|p2a: Claydol|Claydol, L86|243/243\n|turn|19\n|\n|t:|1683838528\n|-start|p2a: Claydol|Dynamax|\n|-heal|p2a: Claydol|486/486|[silent]\n|move|p1a: Metagross|Max Steelspike|p2a: Claydol\n|-damage|p2a: Claydol|203/486\n|-boost|p1a: Metagross|def|1\n|move|p2a: Claydol|Max Strike|p1a: Metagross\n|-resisted|p1a: Metagross\n|-damage|p1a: Metagross|319/512\n|-fail|p1a: Metagross|unboost|[from] ability: Clear Body|[of] p1a: Metagross\n|\n|-heal|p2a: Claydol|218/486|[from] item: Leftovers\n|upkeep\n|turn|20\n|\n|t:|1683838541\n|move|p2a: Claydol|Max Guard|p2a: Claydol\n|-singleturn|p2a: Claydol|Max Guard\n|move|p1a: Metagross|Max Steelspike|p2a: Claydol\n|-activate|p2a: Claydol|move: Max Guard\n|\n|-heal|p2a: Claydol|233/486|[from] item: Leftovers\n|upkeep\n|-end|p1a: Metagross|Dynamax\n|-heal|p1a: Metagross|160/256|[silent]\n|turn|21\n|\n|t:|1683838550\n|move|p1a: Metagross|Meteor Mash|p2a: Claydol\n|-damage|p2a: Claydol|41/486\n|move|p2a: Claydol|Max Quake|p1a: Metagross\n|-supereffective|p1a: Metagross\n|-damage|p1a: Metagross|70/256\n|-boost|p2a: Claydol|spd|1\n|\n|-heal|p2a: Claydol|56/486|[from] item: Leftovers\n|upkeep\n|-end|p2a: Claydol|Dynamax\n|-heal|p2a: Claydol|28/243|[silent]\n|turn|22\n|\n|t:|1683838562\n|move|p1a: Metagross|Meteor Mash|p2a: Claydol\n|-damage|p2a: Claydol|0 fnt\n|-boost|p1a: Metagross|atk|1\n|faint|p2a: Claydol\n|\n|upkeep\n|\n|t:|1683838567\n|switch|p2a: Gyarados|Gyarados, L76, M|186/269\n|turn|23\n|\n|t:|1683838574\n|move|p1a: Metagross|Thunder Punch|p2a: Gyarados\n|-supereffective|p2a: Gyarados\n|-damage|p2a: Gyarados|0 fnt\n|faint|p2a: Gyarados\n|\n|upkeep\n|\n|t:|1683838579\n|switch|p2a: Whiscash|Whiscash, L86, F|329/329\n|turn|24\n|\n|t:|1683838583\n|move|p1a: Metagross|Earthquake|p2a: Whiscash\n|-damage|p2a: Whiscash|93/329\n|move|p2a: Whiscash|Earthquake|p1a: Metagross\n|-supereffective|p1a: Metagross\n|-damage|p1a: Metagross|0 fnt\n|faint|p1a: Metagross\n|\n|upkeep\n|\n|t:|1683838588\n|switch|p1a: Tapu Lele|Tapu Lele, L79|240/240\n|-fieldstart|move: Psychic Terrain|[from] ability: Psychic Surge|[of] p1a: Tapu Lele\n|turn|25\n|\n|t:|1683838593\n|move|p1a: Tapu Lele|Psyshock|p2a: Whiscash\n|-damage|p2a: Whiscash|0 fnt\n|faint|p2a: Whiscash\n|-damage|p1a: Tapu Lele|216/240|[from] item: Life Orb\n|\n|win|lauda Mera\n|raw|lauda Mera's rating: 1503 &rarr; <strong>1513</strong><br />(+10 for winning)\n|raw|murraylef99's rating: 1314 &rarr; <strong>1304</strong><br />(-10 for losing)\n|l|\u2606murraylef99\n", "inputlog": ">version bce759c5f189753f4322d11c9e5aa78bbe1b1bf9\n>start {\"formatid\":\"gen8randombattle\",\"seed\":[16370,7864,54561,27619],\"rated\":\"Rated battle\"}\n>player p1 {\"name\":\"lauda Mera\",\"avatar\":\"hilbert-wonderlauncher\",\"rating\":1471,\"seed\":[32957,30243,41482,41438]}\n>player p2 {\"name\":\"murraylef99\",\"avatar\":\"hilbert-wonderlauncher\",\"rating\":1314,\"seed\":[3122,42725,5161,18857]}\n>p1 move drainpunch\n>p2 move earthquake\n>p1 move drainpunch\n>p2 switch 3\n>p1 move gunkshot\n>p2 move bounce\n>p1 move substitute\n>p2 move bounce\n>p1 move gunkshot\n>p2 switch 4\n>p1 switch 2\n>p2 move zenheadbutt\n>p1 move superpower\n>p2 switch 6\n>p1 switch 2\n>p2 move fireblast\n>p1 move substitute\n>p2 move earthquake\n>p1 move drainpunch\n>p2 move earthquake\n>p1 move drainpunch\n>p2 move earthquake\n>p2 switch 2\n>p1 switch 2\n>p2 move nastyplot\n>p1 move superpower\n>p2 move flamethrower\n>p1 switch 3\n>p1 move earthpower\n>p2 move darkpulse\n>p1 move sludgewave\n>p2 move flamethrower\n>p1 switch 2\n>p2 switch 3\n>p1 move drainpunch\n>p2 move earthquake\n>p1 switch 5\n>p1 move agility\n>p2 move earthquake\n>p1 move meteormash dynamax\n>p2 move earthquake\n>p2 switch 5\n>p1 move meteormash dynamax\n>p2 move rapidspin dynamax\n>p1 move meteormash dynamax\n>p2 move toxic dynamax\n>p1 move meteormash\n>p2 move earthquake dynamax\n>p1 move meteormash\n>p2 move earthquake\n>p2 switch 4\n>p1 move thunderpunch\n>p2 move earthquake\n>p2 switch 6\n>p1 move earthquake\n>p2 move earthquake\n>p1 switch 4\n>p1 move psyshock\n>p2 move earthquake", "uploadtime": 1683838611, "views": 6, "p1id": "laudamera", "p2id": "murraylef99", "formatid": "gen8randombattle", "rating": 1304, "private": 0, "password": ""}