{"id": "gen8randombattle-1873322037", "p1": "Ruben219", "p2": "totallynotbgg", "format": "[Gen 8] Random Battle", "log": "|j|\u2606Ruben219\n|j|\u2606totallynotbgg\n|t:|1685363039\n|gametype|singles\n|player|p1|Ruben219|170|1400\n|player|p2|totallynotbgg|265|1256\n|teamsize|p1|6\n|teamsize|p2|6\n|gen|8\n|tier|[Gen 8] Random Battle\n|rated|\n|rule|Species Clause: Limit one of each Pok\u00e9mon\n|rule|HP Percentage Mod: HP is shown in percentages\n|rule|Sleep Clause Mod: Limit one foe put to sleep\n|\n|t:|1685363039\n|start\n|switch|p1a: Volcanion|Volcanion, L80|259/259\n|switch|p2a: Carracosta|Carracosta, L84, M|262/262\n|turn|1\n|\n|t:|1685363056\n|switch|p1a: Whimsicott|Whimsicott, L84, M|238/238\n|move|p2a: Carracosta|Shell Smash|p2a: Carracosta\n|-unboost|p2a: Carracosta|def|1\n|-unboost|p2a: Carracosta|spd|1\n|-boost|p2a: Carracosta|atk|2\n|-boost|p2a: Carracosta|spa|2\n|-boost|p2a: Carracosta|spe|2\n|\n|upkeep\n|turn|2\n|inactive|Battle timer is ON: inactive players will automatically lose when time's up. (requested by Ruben219)\n|\n|t:|1685363074\n|switch|p2a: Ribombee|Ribombee, L82, M|233/233\n|move|p1a: Whimsicott|Leech Seed|p2a: Ribombee\n|-start|p2a: Ribombee|move: Leech Seed\n|\n|-damage|p2a: Ribombee|204/233|[from] Leech Seed|[of] p1a: Whimsicott\n|upkeep\n|turn|3\n|\n|t:|1685363084\n|switch|p1a: Flareon|Flareon, L86, F|251/251\n|move|p2a: Ribombee|Sticky Web|p1a: Flareon\n|-sidestart|p1: Ruben219|move: Sticky Web\n|\n|-damage|p2a: Ribombee|175/233|[from] Leech Seed|[of] p1a: Flareon\n|-status|p1a: Flareon|tox|[from] item: Toxic Orb\n|upkeep\n|turn|4\n|\n|t:|1685363089\n|move|p2a: Ribombee|U-turn|p1a: Flareon\n|-resisted|p1a: Flareon\n|-damage|p1a: Flareon|220/251 tox\n|\n|t:|1685363103\n|switch|p2a: Carracosta|Carracosta, L84, M|262/262|[from] U-turn\n|move|p1a: Flareon|Facade|p2a: Carracosta\n|-resisted|p2a: Carracosta\n|-damage|p2a: Carracosta|187/262\n|\n|-damage|p1a: Flareon|205/251 tox|[from] psn\n|upkeep\n|turn|5\n|\n|t:|1685363114\n|switch|p1a: Whimsicott|Whimsicott, L84, M|238/238\n|-activate|p1a: Whimsicott|move: Sticky Web\n|-unboost|p1a: Whimsicott|spe|1\n|move|p2a: Carracosta|Shell Smash|p2a: Carracosta\n|-unboost|p2a: Carracosta|def|1\n|-unboost|p2a: Carracosta|spd|1\n|-boost|p2a: Carracosta|atk|2\n|-boost|p2a: Carracosta|spa|2\n|-boost|p2a: Carracosta|spe|2\n|\n|upkeep\n|turn|6\n|\n|t:|1685363128\n|move|p2a: Carracosta|Stone Edge|p1a: Whimsicott\n|-damage|p1a: Whimsicott|0 fnt\n|faint|p1a: Whimsicott\n|\n|upkeep\n|\n|t:|1685363152\n|switch|p1a: Aurorus|Aurorus, L84, F|343/343\n|-activate|p1a: Aurorus|move: Sticky Web\n|-unboost|p1a: Aurorus|spe|1\n|-weather|Hail|[from] ability: Snow Warning|[of] p1a: Aurorus\n|turn|7\n|\n|t:|1685363157\n|move|p2a: Carracosta|Hydro Pump|p1a: Aurorus|[miss]\n|-miss|p2a: Carracosta|p1a: Aurorus\n|move|p1a: Aurorus|Blizzard|p2a: Carracosta\n|-resisted|p2a: Carracosta\n|-damage|p2a: Carracosta|78/262\n|-status|p2a: Carracosta|frz\n|\n|-weather|Hail|[upkeep]\n|-damage|p2a: Carracosta|62/262 frz|[from] Hail\n|upkeep\n|turn|8\n|\n|t:|1685363167\n|-curestatus|p2a: Carracosta|frz|[msg]\n|move|p2a: Carracosta|Hydro Pump|p1a: Aurorus\n|-supereffective|p1a: Aurorus\n|-damage|p1a: Aurorus|0 fnt\n|faint|p1a: Aurorus\n|\n|-weather|Hail|[upkeep]\n|-damage|p2a: Carracosta|46/262|[from] Hail\n|upkeep\n|\n|t:|1685363185\n|switch|p1a: Flareon|Flareon, L86, F|205/251 tox\n|-activate|p1a: Flareon|move: Sticky Web\n|-unboost|p1a: Flareon|spe|1\n|turn|9\n|\n|t:|1685363192\n|switch|p1a: Volcanion|Volcanion, L80|259/259\n|move|p2a: Carracosta|Hydro Pump|p1a: Volcanion\n|-immune|p1a: Volcanion|[from] ability: Water Absorb\n|\n|-weather|Hail|[upkeep]\n|-damage|p2a: Carracosta|30/262|[from] Hail\n|-damage|p1a: Volcanion|243/259|[from] Hail\n|upkeep\n|turn|10\n|\n|t:|1685363205\n|move|p2a: Carracosta|Stone Edge|p1a: Volcanion\n|-supereffective|p1a: Volcanion\n|-damage|p1a: Volcanion|0 fnt\n|faint|p1a: Volcanion\n|\n|-weather|Hail|[upkeep]\n|-damage|p2a: Carracosta|14/262|[from] Hail\n|upkeep\n|\n|t:|1685363215\n|switch|p1a: Wailord|Wailord, L90, M|452/452\n|-activate|p1a: Wailord|move: Sticky Web\n|-unboost|p1a: Wailord|spe|1\n|turn|11\n|\n|t:|1685363219\n|move|p2a: Carracosta|Stone Edge|p1a: Wailord\n|-damage|p1a: Wailord|92/452\n|move|p1a: Wailord|Hyper Voice|p2a: Carracosta\n|-resisted|p2a: Carracosta\n|-damage|p2a: Carracosta|0 fnt\n|faint|p2a: Carracosta\n|\n|-weather|none\n|upkeep\n|\n|t:|1685363225\n|switch|p2a: Ribombee|Ribombee, L82, M|175/233\n|turn|12\n|\n|t:|1685363230\n|move|p2a: Ribombee|Moonblast|p1a: Wailord\n|-damage|p1a: Wailord|0 fnt\n|faint|p1a: Wailord\n|\n|upkeep\n|\n|t:|1685363234\n|switch|p1a: Flareon|Flareon, L86, F|205/251 tox\n|-activate|p1a: Flareon|move: Sticky Web\n|-unboost|p1a: Flareon|spe|1\n|turn|13\n|\n|t:|1685363241\n|move|p2a: Ribombee|U-turn|p1a: Flareon\n|-resisted|p1a: Flareon\n|-damage|p1a: Flareon|175/251 tox\n|\n|t:|1685363249\n|switch|p2a: Tyrantrum|Tyrantrum, L82, F|269/269|[from] U-turn\n|move|p1a: Flareon|Flame Charge|p2a: Tyrantrum\n|-resisted|p2a: Tyrantrum\n|-damage|p2a: Tyrantrum|247/269\n|-boost|p1a: Flareon|spe|1\n|\n|-damage|p1a: Flareon|160/251 tox|[from] psn\n|upkeep\n|turn|14\n|\n|t:|1685363260\n|switch|p1a: Sylveon|Sylveon, L84, M|297/297\n|-activate|p1a: Sylveon|move: Sticky Web\n|-unboost|p1a: Sylveon|spe|1\n|move|p2a: Tyrantrum|Earthquake|p1a: Sylveon\n|-damage|p1a: Sylveon|171/297\n|-damage|p2a: Tyrantrum|221/269|[from] item: Life Orb\n|\n|-heal|p1a: Sylveon|189/297|[from] item: Leftovers\n|upkeep\n|turn|15\n|\n|t:|1685363275\n|move|p2a: Tyrantrum|Head Smash|p1a: Sylveon\n|-damage|p1a: Sylveon|0 fnt\n|faint|p1a: Sylveon\n|-damage|p2a: Tyrantrum|195/269|[from] item: Life Orb\n|\n|upkeep\n|\n|t:|1685363279\n|switch|p1a: Flareon|Flareon, L86, F|160/251 tox\n|-activate|p1a: Flareon|move: Sticky Web\n|-unboost|p1a: Flareon|spe|1\n|turn|16\n|\n|t:|1685363282\n|move|p2a: Tyrantrum|Earthquake|p1a: Flareon\n|-supereffective|p1a: Flareon\n|-damage|p1a: Flareon|0 fnt\n|faint|p1a: Flareon\n|-damage|p2a: Tyrantrum|169/269|[from] item: Life Orb\n|\n|win|totallynotbgg\n|raw|Ruben219's rating: 1400 &rarr; <strong>1372</strong><br />(-28 for losing)\n|raw|totallynotbgg's rating: 1256 &rarr; <strong>1291</strong><br />(+35 for winning)\n", "inputlog": ">version 6fec31d5a0d4498a06105aa188c9906bc0b6bf95\n>start {\"formatid\":\"gen8randombattle\",\"seed\":[17535,8115,3954,15163],\"rated\":\"Rated battle\"}\n>player p1 {\"name\":\"Ruben219\",\"avatar\":\"170\",\"rating\":1400,\"seed\":[48590,13725,50002,34174]}\n>player p2 {\"name\":\"totallynotbgg\",\"avatar\":\"265\",\"rating\":1256,\"seed\":[3329,29247,44303,48763]}\n>p1 switch 5\n>p2 move shellsmash\n>p1 move leechseed\n>p2 switch 5\n>p1 switch 4\n>p2 move stickyweb\n>p1 move facade\n>p2 move uturn\n>p2 switch 5\n>p1 switch 4\n>p2 move shellsmash\n>p1 move moonblast\n>p2 move stoneedge\n>p1 switch 6\n>p1 move blizzard\n>p2 move hydropump\n>p1 move blizzard\n>p2 move hydropump\n>p1 switch 4\n>p1 switch 5\n>p2 move hydropump\n>p1 move sludgebomb\n>p2 move stoneedge\n>p1 switch 3\n>p1 move hypervoice\n>p2 move stoneedge\n>p2 switch 5\n>p1 move hypervoice\n>p2 move moonblast\n>p1 switch 5\n>p1 move flamecharge\n>p2 move uturn\n>p2 switch 2\n>p1 switch 2\n>p2 move earthquake\n>p1 move hypervoice\n>p2 move headsmash\n>p1 switch 2\n>p1 move superpower\n>p2 move earthquake", "uploadtime": 1685363293, "views": 4, "p1id": "ruben219", "p2id": "totallynotbgg", "formatid": "gen8randombattle", "rating": 1291, "private": 0, "password": ""}