|j|☆Habib_SSJ2
|j|☆Aadi256
|t:|1685546162
|gametype|singles
|player|p1|Habib_SSJ2|gambler|
|player|p2|Aadi256|shadowtriad|
|teamsize|p1|6
|teamsize|p2|6
|gen|8
|tier|[Gen 8] Random Battle
|rule|Species Clause: Limit one of each Pokémon
|rule|HP Percentage Mod: HP is shown in percentages
|rule|Sleep Clause Mod: Limit one foe put to sleep
|
|t:|1685546163
|start
|switch|p1a: Darmanitan|Darmanitan-Galar, L78, F|292/292
|switch|p2a: Decidueye|Decidueye, L86, F|274/274
|turn|1
|c|☆Aadi256|wth is that
|inactive|Battle timer is ON: inactive players will automatically lose when time's up. (requested by Habib_SSJ2)
|inactive|Aadi256 has 270 seconds left.
|
|t:|1685546210
|switch|p2a: Omastar|Omastar, L82, F|249/249
|move|p1a: Darmanitan|Substitute|p1a: Darmanitan
|-start|p1a: Darmanitan|Substitute
|-damage|p1a: Darmanitan|219/292
|
|upkeep
|turn|2
|
|t:|1685546223
|move|p1a: Darmanitan|Belly Drum|p1a: Darmanitan
|-damage|p1a: Darmanitan|73/292
|-setboost|p1a: Darmanitan|atk|6|[from] move: Belly Drum
|-enditem|p1a: Darmanitan|Salac Berry|[eat]
|-boost|p1a: Darmanitan|spe|1|[from] item: Salac Berry
|move|p2a: Omastar|Earth Power|p1a: Darmanitan
|-end|p1a: Darmanitan|Substitute
|
|-formechange|p1a: Darmanitan|Darmanitan-Galar-Zen|
|upkeep
|turn|3
|c|☆Aadi256|im scared
|inactive|Habib_SSJ2 has 270 seconds left.
|
|t:|1685546268
|-start|p1a: Darmanitan|Dynamax|
|-heal|p1a: Darmanitan|146/584|[silent]
|move|p1a: Darmanitan|Max Flare|p2a: Omastar
|-resisted|p2a: Omastar
|-damage|p2a: Omastar|112/249
|-weather|SunnyDay
|move|p2a: Omastar|Hydro Pump|p1a: Darmanitan
|-supereffective|p1a: Darmanitan
|-damage|p1a: Darmanitan|0 fnt
|faint|p1a: Darmanitan
|
|-weather|SunnyDay|[upkeep]
|upkeep
|c|☆Aadi256|LMAOO
|c|☆Habib_SSJ2|yea that wasnt the best move tbh
|inactive|Habib_SSJ2 has 240 seconds left.
|c|☆Aadi256|oof
|
|t:|1685546295
|switch|p1a: Roserade|Roserade, L84, M|238/238
|turn|4
|inactive|Habib_SSJ2 has 240 seconds left.
|
|t:|1685546305
|move|p1a: Roserade|Sleep Powder|p2a: Omastar|[miss]
|-miss|p1a: Roserade|p2a: Omastar
|move|p2a: Omastar|Ice Beam|p1a: Roserade
|-supereffective|p1a: Roserade
|-damage|p1a: Roserade|122/238
|
|-weather|SunnyDay|[upkeep]
|-heal|p1a: Roserade|136/238|[from] item: Black Sludge
|upkeep
|turn|5
|c|☆Aadi256|oof
|inactive|Habib_SSJ2 has 240 seconds left.
|
|t:|1685546316
|move|p1a: Roserade|Synthesis|p1a: Roserade
|-heal|p1a: Roserade|238/238
|move|p2a: Omastar|Ice Beam|p1a: Roserade
|-supereffective|p1a: Roserade
|-damage|p1a: Roserade|126/238
|
|-weather|SunnyDay|[upkeep]
|-heal|p1a: Roserade|140/238|[from] item: Black Sludge
|upkeep
|turn|6
|
|t:|1685546325
|move|p1a: Roserade|Leaf Storm|p2a: Omastar
|-supereffective|p2a: Omastar
|-damage|p2a: Omastar|0 fnt
|-unboost|p1a: Roserade|spa|2
|faint|p2a: Omastar
|
|-weather|SunnyDay|[upkeep]
|-heal|p1a: Roserade|154/238|[from] item: Black Sludge
|upkeep
|
|t:|1685546339
|switch|p2a: Glaceon|Glaceon, L88, F|258/258
|turn|7
|
|t:|1685546355
|move|p1a: Roserade|Sleep Powder|p2a: Glaceon
|-status|p2a: Glaceon|slp|[from] move: Sleep Powder
|cant|p2a: Glaceon|slp
|
|-weather|none
|-heal|p1a: Roserade|168/238|[from] item: Black Sludge
|upkeep
|turn|8
|
|t:|1685546371
|switch|p1a: Mudsdale|Mudsdale, L82, M|298/298
|cant|p2a: Glaceon|slp
|
|upkeep
|turn|9
|
|t:|1685546395
|-curestatus|p2a: Glaceon|slp|[msg]
|move|p2a: Glaceon|Freeze-Dry|p1a: Mudsdale
|-supereffective|p1a: Mudsdale
|-damage|p1a: Mudsdale|86/298
|-ability|p1a: Mudsdale|Stamina|boost
|-boost|p1a: Mudsdale|def|1
|move|p1a: Mudsdale|Stealth Rock|p2a: Glaceon
|-sidestart|p2: Aadi256|move: Stealth Rock
|
|-heal|p1a: Mudsdale|104/298|[from] item: Leftovers
|upkeep
|turn|10
|inactive|Habib_SSJ2 has 240 seconds left.
|c|☆Habib_SSJ2|thats so annoying
|c|☆Aadi256|lmao
|inactive|Habib_SSJ2 has 210 seconds left.
|inactive|Aadi256 has 270 seconds left.
|
|t:|1685546451
|move|p2a: Glaceon|Toxic|p1a: Mudsdale
|-status|p1a: Mudsdale|tox
|move|p1a: Mudsdale|Body Press|p2a: Glaceon
|-supereffective|p2a: Glaceon
|-damage|p2a: Glaceon|116/258
|
|-heal|p2a: Glaceon|132/258|[from] item: Leftovers
|-heal|p1a: Mudsdale|122/298 tox|[from] item: Leftovers
|-damage|p1a: Mudsdale|104/298 tox|[from] psn
|upkeep
|turn|11
|inactive|Habib_SSJ2 has 210 seconds left.
|c|☆Aadi256|BRUH
|c|☆Aadi256|WHY DIDNT U CHANG
|inactive|Aadi256 has 270 seconds left.
|
|t:|1685546468
|move|p2a: Glaceon|Freeze-Dry|p1a: Mudsdale
|-supereffective|p1a: Mudsdale
|-damage|p1a: Mudsdale|0 fnt
|faint|p1a: Mudsdale
|
|-heal|p2a: Glaceon|148/258|[from] item: Leftovers
|upkeep
|
|t:|1685546484
|switch|p1a: Roserade|Roserade, L84, M|168/238
|turn|12
|
|t:|1685546493
|move|p1a: Roserade|Sleep Powder|p2a: Glaceon
|-status|p2a: Glaceon|slp|[from] move: Sleep Powder
|cant|p2a: Glaceon|slp
|
|-heal|p1a: Roserade|182/238|[from] item: Black Sludge
|-heal|p2a: Glaceon|164/258 slp|[from] item: Leftovers
|upkeep
|turn|13
|
|t:|1685546502
|move|p1a: Roserade|Sludge Bomb|p2a: Glaceon
|-damage|p2a: Glaceon|61/258 slp
|-curestatus|p2a: Glaceon|slp|[msg]
|move|p2a: Glaceon|Freeze-Dry|p1a: Roserade
|-supereffective|p1a: Roserade
|-damage|p1a: Roserade|0 fnt
|faint|p1a: Roserade
|
|-heal|p2a: Glaceon|77/258|[from] item: Leftovers
|upkeep
|c|☆Habib_SSJ2|bro wtf
|c|☆Habib_SSJ2|is this luck
|c|☆Aadi256|LMOAOO
|c|☆Habib_SSJ2|its actually insane
|c|☆Aadi256|OMG
|inactive|Habib_SSJ2 has 180 seconds left.
|
|t:|1685546542
|switch|p1a: Tentacruel|Tentacruel, L84, F|272/272
|turn|14
|inactive|Habib_SSJ2 has 180 seconds left.
|inactive|Aadi256 has 270 seconds left.
|
|t:|1685546582
|move|p1a: Tentacruel|Knock Off|p2a: Glaceon
|-damage|p2a: Glaceon|31/258
|-enditem|p2a: Glaceon|Leftovers|[from] move: Knock Off|[of] p1a: Tentacruel
|move|p2a: Glaceon|Wish|p2a: Glaceon
|
|upkeep
|turn|15
|inactive|Habib_SSJ2 has 180 seconds left.
|
|t:|1685546593
|move|p2a: Glaceon|Protect|p2a: Glaceon
|-singleturn|p2a: Glaceon|Protect
|move|p1a: Tentacruel|Knock Off|p2a: Glaceon
|-activate|p2a: Glaceon|move: Protect
|
|-heal|p2a: Glaceon|160/258|[from] move: Wish|[wisher] Glaceon
|upkeep
|turn|16
|inactive|Aadi256 has 270 seconds left.
|
|t:|1685546601
|move|p1a: Tentacruel|Knock Off|p2a: Glaceon
|-damage|p2a: Glaceon|130/258
|move|p2a: Glaceon|Wish|p2a: Glaceon
|
|upkeep
|turn|17
|
|t:|1685546606
|move|p2a: Glaceon|Protect|p2a: Glaceon
|-singleturn|p2a: Glaceon|Protect
|move|p1a: Tentacruel|Toxic Spikes|p2a: Glaceon
|-sidestart|p2: Aadi256|move: Toxic Spikes
|
|-heal|p2a: Glaceon|258/258|[from] move: Wish|[wisher] Glaceon
|upkeep
|turn|18
|c|☆Aadi256|oof
|inactive|Aadi256 has 270 seconds left.
|inactive|Aadi256 has 240 seconds left.
|
|t:|1685546657
|switch|p2a: Porygon2|Porygon2, L82|274/274
|-damage|p2a: Porygon2|240/274|[from] Stealth Rock
|-status|p2a: Porygon2|psn
|-ability|p2a: Porygon2|Clear Body|[from] ability: Trace|[of] p1a: Tentacruel
|move|p1a: Tentacruel|Toxic Spikes|p2a: Porygon2
|-sidestart|p2: Aadi256|move: Toxic Spikes
|
|-damage|p2a: Porygon2|206/274 psn|[from] psn
|upkeep
|turn|19
|inactive|Aadi256 has 240 seconds left.
|inactive|Habib_SSJ2 has 180 seconds left.
|inactive|Aadi256 has 210 seconds left.
|
|t:|1685546705
|move|p1a: Tentacruel|Scald|p2a: Porygon2
|-damage|p2a: Porygon2|158/274 psn
|move|p2a: Porygon2|Discharge|p1a: Tentacruel
|-supereffective|p1a: Tentacruel
|-damage|p1a: Tentacruel|180/272
|
|-heal|p1a: Tentacruel|197/272|[from] item: Black Sludge
|-damage|p2a: Porygon2|124/274 psn|[from] psn
|upkeep
|turn|20
|inactive|Habib_SSJ2 has 180 seconds left.
|c|☆Aadi256|playy
|
|t:|1685546742
|switch|p1a: Glalie|Glalie, L80, M|259/259
|-start|p2a: Porygon2|Dynamax|
|-heal|p2a: Porygon2|248/548 psn|[silent]
|move|p2a: Porygon2|Max Lightning|p1a: Glalie
|-damage|p1a: Glalie|154/259
|-fieldstart|move: Electric Terrain
|
|-heal|p1a: Glalie|170/259|[from] item: Leftovers
|-damage|p2a: Porygon2|214/548 psn|[from] psn
|-ability|p1a: Glalie|Moody|boost
|-boost|p1a: Glalie|spa|2
|-unboost|p1a: Glalie|spd|1
|upkeep
|turn|21
|inactive|Habib_SSJ2 has 150 seconds left.
|inactive|Aadi256 has 180 seconds left.
|
|t:|1685546788
|move|p1a: Glalie|Protect|p1a: Glalie
|-singleturn|p1a: Glalie|Protect
|move|p2a: Porygon2|Max Strike|p1a: Glalie
|-zbroken|p1a: Glalie
|-damage|p1a: Glalie|109/259
|-unboost|p1a: Glalie|spe|1
|
|-heal|p1a: Glalie|125/259|[from] item: Leftovers
|-damage|p2a: Porygon2|180/548 psn|[from] psn
|-ability|p1a: Glalie|Moody|boost
|-boost|p1a: Glalie|atk|2
|-unboost|p1a: Glalie|def|1
|upkeep
|turn|22
|inactive|Habib_SSJ2 has 150 seconds left.
|
|t:|1685546807
|move|p2a: Porygon2|Max Strike|p1a: Glalie
|-damage|p1a: Glalie|0 fnt
|faint|p1a: Glalie
|
|-damage|p2a: Porygon2|146/548 psn|[from] psn
|upkeep
|c|☆Aadi256|LMAO
|
|t:|1685546823
|switch|p1a: Lugia|Lugia, L74|279/279
|-end|p2a: Porygon2|Dynamax
|-heal|p2a: Porygon2|73/274 psn|[silent]
|turn|23
|
|t:|1685546850
|move|p1a: Lugia|Substitute|p1a: Lugia
|-start|p1a: Lugia|Substitute
|-damage|p1a: Lugia|210/279
|move|p2a: Porygon2|Discharge|p1a: Lugia
|-supereffective|p1a: Lugia
|-end|p1a: Lugia|Substitute
|
|-damage|p2a: Porygon2|39/274 psn|[from] psn
|upkeep
|turn|24
|
|t:|1685546863
|move|p1a: Lugia|Substitute|p1a: Lugia
|-start|p1a: Lugia|Substitute
|-damage|p1a: Lugia|141/279
|move|p2a: Porygon2|Recover|p2a: Porygon2
|-heal|p2a: Porygon2|176/274 psn
|
|-damage|p2a: Porygon2|142/274 psn|[from] psn
|-fieldend|move: Electric Terrain
|upkeep
|turn|25
|
|t:|1685546872
|move|p1a: Lugia|Air Slash|p2a: Porygon2
|-damage|p2a: Porygon2|105/274 psn
|move|p2a: Porygon2|Recover|p2a: Porygon2
|-heal|p2a: Porygon2|242/274 psn
|
|-damage|p2a: Porygon2|208/274 psn|[from] psn
|upkeep
|turn|26
|
|t:|1685546881
|move|p1a: Lugia|Air Slash|p2a: Porygon2
|-crit|p2a: Porygon2
|-damage|p2a: Porygon2|145/274 psn
|move|p2a: Porygon2|Tri Attack|p1a: Lugia
|-activate|p1a: Lugia|move: Substitute|[damage]
|
|-damage|p2a: Porygon2|111/274 psn|[from] psn
|upkeep
|turn|27
|inactive|Aadi256 has 150 seconds left.
|
|t:|1685546912
|switch|p2a: Golisopod|Golisopod, L84, F|263/263
|move|p1a: Lugia|Air Slash|p2a: Golisopod
|-supereffective|p2a: Golisopod
|-damage|p2a: Golisopod|147/263
|
|upkeep
|turn|28
|
|t:|1685546922
|move|p2a: Golisopod|First Impression|p1a: Lugia
|-end|p1a: Lugia|Substitute
|move|p1a: Lugia|Roost|p1a: Lugia
|-heal|p1a: Lugia|279/279
|-singleturn|p1a: Lugia|move: Roost
|
|upkeep
|turn|29
|inactive|Habib_SSJ2 has 150 seconds left.
|inactive|Aadi256 has 150 seconds left.
|
|t:|1685546940
|move|p1a: Lugia|Air Slash|p2a: Golisopod
|-supereffective|p2a: Golisopod
|-damage|p2a: Golisopod|31/263
|-activate|p2a: Golisopod|ability: Emergency Exit
|inactive|Aadi256 has 150 seconds left.
|
|t:|1685546945
|switch|p2a: Glaceon|Glaceon, L88, F|258/258
|-damage|p2a: Glaceon|194/258|[from] Stealth Rock
|-status|p2a: Glaceon|tox
|
|-damage|p2a: Glaceon|178/258 tox|[from] psn
|upkeep
|turn|30
|inactive|Aadi256 has 150 seconds left.
|
|t:|1685546958
|move|p1a: Lugia|Substitute|p1a: Lugia
|-start|p1a: Lugia|Substitute
|-damage|p1a: Lugia|210/279
|move|p2a: Glaceon|Freeze-Dry|p1a: Lugia
|-supereffective|p1a: Lugia
|-end|p1a: Lugia|Substitute
|
|-damage|p2a: Glaceon|146/258 tox|[from] psn
|upkeep
|turn|31
|
|t:|1685546968
|move|p1a: Lugia|Substitute|p1a: Lugia
|-start|p1a: Lugia|Substitute
|-damage|p1a: Lugia|141/279
|move|p2a: Glaceon|Freeze-Dry|p1a: Lugia
|-supereffective|p1a: Lugia
|-end|p1a: Lugia|Substitute
|
|-damage|p2a: Glaceon|98/258 tox|[from] psn
|upkeep
|turn|32
|
|t:|1685546976
|move|p1a: Lugia|Roost|p1a: Lugia
|-heal|p1a: Lugia|279/279
|-singleturn|p1a: Lugia|move: Roost
|move|p2a: Glaceon|Wish|p2a: Glaceon
|
|-damage|p2a: Glaceon|34/258 tox|[from] psn
|upkeep
|turn|33
|
|t:|1685546983
|move|p1a: Lugia|Substitute|p1a: Lugia
|-start|p1a: Lugia|Substitute
|-damage|p1a: Lugia|210/279
|move|p2a: Glaceon|Freeze-Dry|p1a: Lugia
|-supereffective|p1a: Lugia
|-end|p1a: Lugia|Substitute
|
|-heal|p2a: Glaceon|163/258 tox|[from] move: Wish|[wisher] Glaceon
|-damage|p2a: Glaceon|83/258 tox|[from] psn
|upkeep
|turn|34
|c|☆Aadi256|bruh i hate u
|c|☆Habib_SSJ2|its not like i have much of a choice here
|inactive|Aadi256 has 150 seconds left.
|c|☆Habib_SSJ2|idk what uw ant me to do
|
|t:|1685547014
|move|p1a: Lugia|Substitute|p1a: Lugia
|-start|p1a: Lugia|Substitute
|-damage|p1a: Lugia|141/279
|move|p2a: Glaceon|Toxic||[still]
|-fail|p2a: Glaceon
|
|-damage|p2a: Glaceon|0 fnt|[from] psn
|faint|p2a: Glaceon
|upkeep
|
|t:|1685547023
|switch|p2a: Zacian|Zacian, L68|238/238
|-damage|p2a: Zacian|209/238|[from] Stealth Rock
|-status|p2a: Zacian|tox
|-enditem|p2a: Zacian|Lum Berry|[eat]
|-curestatus|p2a: Zacian|tox|[msg]
|-ability|p2a: Zacian|Intrepid Sword|boost
|-boost|p2a: Zacian|atk|1
|turn|35
|inactive|Aadi256 has 150 seconds left.
|inactive|Habib_SSJ2 has 180 seconds left.
|
|t:|1685547045
|move|p2a: Zacian|Crunch|p1a: Lugia
|-supereffective|p1a: Lugia
|-end|p1a: Lugia|Substitute
|move|p1a: Lugia|Toxic|p2a: Zacian
|-status|p2a: Zacian|tox
|
|-damage|p2a: Zacian|195/238 tox|[from] psn
|upkeep
|turn|36
|inactive|Habib_SSJ2 has 180 seconds left.
|
|t:|1685547072
|switch|p1a: Tentacruel|Tentacruel, L84, F|197/272
|move|p2a: Zacian|Crunch|p1a: Tentacruel
|-damage|p1a: Tentacruel|101/272
|
|-heal|p1a: Tentacruel|118/272|[from] item: Black Sludge
|-damage|p2a: Zacian|167/238 tox|[from] psn
|upkeep
|turn|37
|inactive|Aadi256 has 120 seconds left.
|
|t:|1685547119
|switch|p2a: Porygon2|Porygon2, L82|111/274 psn
|-damage|p2a: Porygon2|77/274 psn|[from] Stealth Rock
|-ability|p2a: Porygon2|Clear Body|[from] ability: Trace|[of] p1a: Tentacruel
|move|p1a: Tentacruel|Scald|p2a: Porygon2
|-damage|p2a: Porygon2|26/274 psn
|
|-heal|p1a: Tentacruel|135/272|[from] item: Black Sludge
|-damage|p2a: Porygon2|0 fnt|[from] psn
|faint|p2a: Porygon2
|upkeep
|
|t:|1685547131
|switch|p2a: Decidueye|Decidueye, L86, F|274/274
|-damage|p2a: Decidueye|240/274|[from] Stealth Rock
|-status|p2a: Decidueye|tox
|-enditem|p2a: Decidueye|Lum Berry|[eat]
|-curestatus|p2a: Decidueye|tox|[msg]
|turn|38
|c|☆Habib_SSJ2|what the actual fuck
|c|☆Habib_SSJ2|why do all your pokemon have lum berries
|
|t:|1685547149
|move|p1a: Tentacruel|Knock Off|p2a: Decidueye
|-supereffective|p2a: Decidueye
|-damage|p2a: Decidueye|156/274
|move|p2a: Decidueye|Swords Dance|p2a: Decidueye
|-boost|p2a: Decidueye|atk|2
|
|-heal|p1a: Tentacruel|152/272|[from] item: Black Sludge
|upkeep
|turn|39
|
|t:|1685547158
|move|p1a: Tentacruel|Knock Off|p2a: Decidueye
|-supereffective|p2a: Decidueye
|-damage|p2a: Decidueye|74/274
|move|p2a: Decidueye|Roost|p2a: Decidueye
|-heal|p2a: Decidueye|211/274
|-singleturn|p2a: Decidueye|move: Roost
|
|-heal|p1a: Tentacruel|169/272|[from] item: Black Sludge
|upkeep
|turn|40
|inactive|Aadi256 has 90 seconds left.
|
|t:|1685547183
|move|p1a: Tentacruel|Knock Off|p2a: Decidueye
|-supereffective|p2a: Decidueye
|-damage|p2a: Decidueye|125/274
|move|p2a: Decidueye|Leaf Blade|p1a: Tentacruel
|-damage|p1a: Tentacruel|0 fnt
|faint|p1a: Tentacruel
|
|upkeep
|c|☆Aadi256|less goo
|
|t:|1685547192
|switch|p1a: Lugia|Lugia, L74|141/279
|turn|41
|inactive|Habib_SSJ2 has 180 seconds left.
|inactive|Aadi256 has 90 seconds left.
|
|t:|1685547229
|move|p1a: Lugia|Roost|p1a: Lugia
|-heal|p1a: Lugia|279/279
|-singleturn|p1a: Lugia|move: Roost
|move|p2a: Decidueye|Poltergeist|p1a: Lugia
|-activate|p1a: Lugia|move: Poltergeist|Heavy-Duty Boots
|-supereffective|p1a: Lugia
|-damage|p1a: Lugia|60/279
|
|upkeep
|turn|42
|inactive|Habib_SSJ2 has 180 seconds left.
|
|t:|1685547246
|move|p1a: Lugia|Air Slash|p2a: Decidueye
|-supereffective|p2a: Decidueye
|-damage|p2a: Decidueye|15/274
|move|p2a: Decidueye|Poltergeist|p1a: Lugia
|-activate|p1a: Lugia|move: Poltergeist|Heavy-Duty Boots
|-supereffective|p1a: Lugia
|-damage|p1a: Lugia|0 fnt
|faint|p1a: Lugia
|
|win|Aadi256
|c|☆Aadi256|ggs
|c|☆Habib_SSJ2|man your luck is wild
|c|☆Habib_SSJ2|gg
