{"id": "gen8randombattle-1871990530", "p1": "Itachinemo", "p2": "just 4444 fun", "format": "[Gen 8] Random Battle", "log": "|j|\u2606Itachinemo\n|j|\u2606just 4444 fun\n|t:|1685157563\n|gametype|singles\n|player|p1|Itachinemo|101|1308\n|player|p2|just 4444 fun|266|1465\n|teamsize|p1|6\n|teamsize|p2|6\n|gen|8\n|tier|[Gen 8] Random Battle\n|rated|\n|rule|Species Clause: Limit one of each Pok\u00e9mon\n|rule|HP Percentage Mod: HP is shown in percentages\n|rule|Sleep Clause Mod: Limit one foe put to sleep\n|\n|t:|1685157563\n|start\n|switch|p1a: Duraludon|Duraludon, L84, F|255/255\n|switch|p2a: Arctozolt|Arctozolt, L86|295/295\n|turn|1\n|inactive|Battle timer is ON: inactive players will automatically lose when time's up. (requested by Itachinemo)\n|\n|t:|1685157584\n|switch|p2a: Cinderace|Cinderace, L74, F|240/240\n|move|p1a: Duraludon|Flash Cannon|p2a: Cinderace\n|-resisted|p2a: Cinderace\n|-damage|p2a: Cinderace|176/240\n|\n|upkeep\n|turn|2\n|\n|t:|1685157608\n|switch|p1a: Dugtrio|Dugtrio, L82, F|192/192\n|move|p2a: Cinderace|High Jump Kick|p1a: Dugtrio\n|-start|p2a: Cinderace|typechange|Fighting|[from] ability: Libero\n|-damage|p1a: Dugtrio|0 fnt\n|faint|p1a: Dugtrio\n|\n|upkeep\n|\n|t:|1685157616\n|switch|p1a: Cursola|Cursola, L86, F|243/243\n|turn|3\n|\n|t:|1685157625\n|move|p2a: Cinderace|Bulk Up|p2a: Cinderace\n|-boost|p2a: Cinderace|atk|1\n|-boost|p2a: Cinderace|def|1\n|move|p1a: Cursola|Earth Power|p2a: Cinderace\n|-damage|p2a: Cinderace|0 fnt\n|faint|p2a: Cinderace\n|\n|upkeep\n|\n|t:|1685157639\n|switch|p2a: Arctozolt|Arctozolt, L86|295/295\n|turn|4\n|\n|t:|1685157650\n|switch|p1a: Wigglytuff|Wigglytuff, L90, M|398/398\n|move|p2a: Arctozolt|Bolt Beak|p1a: Wigglytuff\n|-damage|p1a: Wigglytuff|127/398\n|\n|upkeep\n|turn|5\n|\n|t:|1685157671\n|move|p2a: Arctozolt|Bolt Beak|p1a: Wigglytuff\n|-damage|p1a: Wigglytuff|0 fnt\n|faint|p1a: Wigglytuff\n|\n|upkeep\n|\n|t:|1685157678\n|switch|p1a: Duraludon|Duraludon, L84, F|255/255\n|turn|6\n|\n|t:|1685157687\n|switch|p2a: Venusaur|Venusaur, L82, F|265/265\n|move|p1a: Duraludon|Flash Cannon|p2a: Venusaur\n|-damage|p2a: Venusaur|177/265\n|\n|-heal|p2a: Venusaur|193/265|[from] item: Black Sludge\n|upkeep\n|turn|7\n|\n|t:|1685157695\n|move|p1a: Duraludon|Stealth Rock|p2a: Venusaur\n|-sidestart|p2: just 4444 fun|move: Stealth Rock\n|move|p2a: Venusaur|Leech Seed|p1a: Duraludon\n|-start|p1a: Duraludon|move: Leech Seed\n|\n|-heal|p2a: Venusaur|209/265|[from] item: Black Sludge\n|-damage|p1a: Duraludon|224/255|[from] Leech Seed|[of] p2a: Venusaur\n|-heal|p2a: Venusaur|240/265|[silent]\n|upkeep\n|turn|8\n|\n|t:|1685157717\n|switch|p1a: Buzzwole|Buzzwole, L77|291/291\n|move|p2a: Venusaur|Leech Seed|p1a: Buzzwole\n|-start|p1a: Buzzwole|move: Leech Seed\n|\n|-heal|p2a: Venusaur|256/265|[from] item: Black Sludge\n|-damage|p1a: Buzzwole|255/291|[from] Leech Seed|[of] p2a: Venusaur\n|-heal|p2a: Venusaur|265/265|[silent]\n|upkeep\n|turn|9\n|\n|t:|1685157732\n|move|p2a: Venusaur|Giga Drain|p1a: Buzzwole\n|-resisted|p1a: Buzzwole\n|-damage|p1a: Buzzwole|190/291\n|move|p1a: Buzzwole|Leech Life|p2a: Venusaur\n|-damage|p2a: Venusaur|120/265\n|-heal|p1a: Buzzwole|263/291|[from] drain|[of] p2a: Venusaur\n|\n|-heal|p2a: Venusaur|136/265|[from] item: Black Sludge\n|-damage|p1a: Buzzwole|227/291|[from] Leech Seed|[of] p2a: Venusaur\n|-heal|p2a: Venusaur|172/265|[silent]\n|upkeep\n|turn|10\n|\n|t:|1685157743\n|move|p2a: Venusaur|Giga Drain|p1a: Buzzwole\n|-resisted|p1a: Buzzwole\n|-damage|p1a: Buzzwole|172/291\n|-heal|p2a: Venusaur|200/265|[from] drain|[of] p1a: Buzzwole\n|move|p1a: Buzzwole|Leech Life|p2a: Venusaur\n|-damage|p2a: Venusaur|58/265\n|-heal|p1a: Buzzwole|243/291|[from] drain|[of] p2a: Venusaur\n|\n|-heal|p2a: Venusaur|74/265|[from] item: Black Sludge\n|-damage|p1a: Buzzwole|207/291|[from] Leech Seed|[of] p2a: Venusaur\n|-heal|p2a: Venusaur|110/265|[silent]\n|upkeep\n|turn|11\n|\n|t:|1685157754\n|switch|p2a: Gigalith|Gigalith, L82, F|274/274\n|-damage|p2a: Gigalith|240/274|[from] Stealth Rock\n|-weather|Sandstorm|[from] ability: Sand Stream|[of] p2a: Gigalith\n|move|p1a: Buzzwole|Leech Life|p2a: Gigalith\n|-damage|p2a: Gigalith|134/274\n|-heal|p1a: Buzzwole|260/291|[from] drain|[of] p2a: Gigalith\n|\n|-weather|Sandstorm|[upkeep]\n|-damage|p1a: Buzzwole|242/291|[from] Sandstorm\n|-heal|p2a: Gigalith|151/274|[from] item: Leftovers\n|-damage|p1a: Buzzwole|206/291|[from] Leech Seed|[of] p2a: Gigalith\n|-heal|p2a: Gigalith|187/274|[silent]\n|upkeep\n|turn|12\n|\n|t:|1685157769\n|switch|p1a: Cursola|Cursola, L86, F|243/243\n|move|p2a: Gigalith|Stone Edge|p1a: Cursola|[miss]\n|-miss|p2a: Gigalith|p1a: Cursola\n|\n|-weather|Sandstorm|[upkeep]\n|-damage|p1a: Cursola|228/243|[from] Sandstorm\n|-heal|p2a: Gigalith|204/274|[from] item: Leftovers\n|upkeep\n|turn|13\n|\n|t:|1685157785\n|move|p1a: Cursola|Earth Power|p2a: Gigalith\n|-supereffective|p2a: Gigalith\n|-damage|p2a: Gigalith|10/274\n|move|p2a: Gigalith|Stone Edge|p1a: Cursola\n|-damage|p1a: Cursola|30/243\n|-ability|p1a: Cursola|Weak Armor|boost\n|-unboost|p1a: Cursola|def|1\n|-boost|p1a: Cursola|spe|2\n|\n|-weather|Sandstorm|[upkeep]\n|-damage|p1a: Cursola|15/243|[from] Sandstorm\n|-heal|p2a: Gigalith|27/274|[from] item: Leftovers\n|upkeep\n|turn|14\n|\n|t:|1685157797\n|move|p1a: Cursola|Earth Power|p2a: Gigalith\n|-supereffective|p2a: Gigalith\n|-damage|p2a: Gigalith|0 fnt\n|faint|p2a: Gigalith\n|\n|-weather|Sandstorm|[upkeep]\n|-damage|p1a: Cursola|0 fnt|[from] Sandstorm\n|faint|p1a: Cursola\n|upkeep\n|\n|t:|1685157826\n|switch|p1a: Buzzwole|Buzzwole, L77|206/291\n|switch|p2a: Mimikyu|Mimikyu, L76, F|209/209\n|-damage|p2a: Mimikyu|183/209|[from] Stealth Rock\n|turn|15\n|\n|t:|1685157840\n|move|p2a: Mimikyu|Swords Dance|p2a: Mimikyu\n|-boost|p2a: Mimikyu|atk|2\n|move|p1a: Buzzwole|Leech Life|p2a: Mimikyu\n|-activate|p2a: Mimikyu|ability: Disguise\n|-damage|p2a: Mimikyu|183/209\n|detailschange|p2a: Mimikyu|Mimikyu-Busted, L76, F\n|-damage|p2a: Mimikyu|157/209|[from] pokemon: Mimikyu-Busted\n|\n|-weather|none\n|upkeep\n|turn|16\n|\n|t:|1685157851\n|move|p2a: Mimikyu|Play Rough|p1a: Buzzwole\n|-supereffective|p1a: Buzzwole\n|-damage|p1a: Buzzwole|0 fnt\n|faint|p1a: Buzzwole\n|-damage|p2a: Mimikyu|137/209|[from] item: Life Orb\n|\n|upkeep\n|\n|t:|1685157862\n|switch|p1a: Duraludon|Duraludon, L84, F|224/255\n|turn|17\n|\n|t:|1685157870\n|-start|p1a: Duraludon|Dynamax|\n|-heal|p1a: Duraludon|448/510|[silent]\n|-start|p2a: Mimikyu|Dynamax|\n|-heal|p2a: Mimikyu|274/418|[silent]\n|move|p1a: Duraludon|Max Steelspike|p2a: Mimikyu\n|-supereffective|p2a: Mimikyu\n|-damage|p2a: Mimikyu|0 fnt\n|-boost|p1a: Duraludon|def|1\n|faint|p2a: Mimikyu\n|\n|upkeep\n|\n|t:|1685157891\n|switch|p2a: Venusaur|Venusaur, L82, F|110/265\n|-damage|p2a: Venusaur|77/265|[from] Stealth Rock\n|turn|18\n|\n|t:|1685157902\n|move|p1a: Duraludon|Max Wyrmwind|p2a: Venusaur\n|-damage|p2a: Venusaur|0 fnt\n|faint|p2a: Venusaur\n|\n|upkeep\n|inactive|just 4444 fun has 120 seconds left.\n|\n|t:|1685157939\n|switch|p2a: Rillaboom|Rillaboom, L78, M|284/284\n|-damage|p2a: Rillaboom|249/284|[from] Stealth Rock\n|-fieldstart|move: Grassy Terrain|[from] ability: Grassy Surge|[of] p2a: Rillaboom\n|turn|19\n|\n|t:|1685157954\n|move|p1a: Duraludon|Max Wyrmwind|p2a: Rillaboom\n|-damage|p2a: Rillaboom|26/284\n|-unboost|p2a: Rillaboom|atk|1\n|move|p2a: Rillaboom|Knock Off|p1a: Duraludon\n|-damage|p1a: Duraludon|407/510\n|-enditem|p1a: Duraludon|Focus Sash|[from] move: Knock Off|[of] p2a: Rillaboom\n|\n|-heal|p1a: Duraludon|422/510|[from] Grassy Terrain\n|-heal|p2a: Rillaboom|43/284|[from] Grassy Terrain\n|upkeep\n|-end|p1a: Duraludon|Dynamax\n|-heal|p1a: Duraludon|211/255|[silent]\n|turn|20\n|inactive|just 4444 fun has 120 seconds left.\n|-message|just 4444 fun forfeited.\n|\n|win|Itachinemo\n|raw|Itachinemo's rating: 1308 &rarr; <strong>1336</strong><br />(+28 for winning)\n|raw|just 4444 fun's rating: 1465 &rarr; <strong>1437</strong><br />(-28 for losing)\n|l|\u2606just 4444 fun\n", "inputlog": ">version d74822bbc74c095aa312053f7034baee3068d99e\n>start {\"formatid\":\"gen8randombattle\",\"seed\":[57266,8569,42835,58165],\"rated\":\"Rated battle\"}\n>player p1 {\"name\":\"Itachinemo\",\"avatar\":\"101\",\"rating\":1308,\"seed\":[17220,29011,38585,10325]}\n>player p2 {\"name\":\"just 4444 fun\",\"avatar\":\"266\",\"rating\":1465,\"seed\":[54020,44989,40697,12704]}\n>p1 move flashcannon\n>p2 switch 2\n>p1 switch 2\n>p2 move highjumpkick\n>p1 switch 6\n>p1 move earthpower\n>p2 move bulkup\n>p2 switch 2\n>p1 switch 3\n>p2 move boltbeak\n>p1 move reflect\n>p2 move boltbeak\n>p1 switch 2\n>p1 move flashcannon\n>p2 switch 5\n>p1 move stealthrock\n>p2 move leechseed\n>p1 switch 4\n>p2 move leechseed\n>p1 move leechlife\n>p2 move gigadrain\n>p1 move leechlife\n>p2 move gigadrain\n>p1 move leechlife\n>p2 switch 3\n>p1 switch 3\n>p2 move stoneedge\n>p1 move earthpower\n>p2 move stoneedge\n>p1 move earthpower\n>p2 move stealthrock\n>p1 switch 3\n>p2 switch 6\n>p1 move leechlife\n>p2 move swordsdance\n>p1 move leechlife\n>p2 move playrough\n>p1 switch 4\n>p1 move flashcannon dynamax\n>p2 move drainpunch dynamax\n>p2 switch 3\n>p1 move dracometeor dynamax\n>p2 move leechseed\n>p2 switch 4\n>p1 move dracometeor dynamax\n>p2 move knockoff\n>forcelose p2", "uploadtime": 1685157971, "views": 4, "p1id": "itachinemo", "p2id": "just4444fun", "formatid": "gen8randombattle", "rating": 1336, "private": 0, "password": ""}