|j|☆Ugur
|j|☆gareeb adani
|t:|1685108983
|gametype|singles
|player|p1|Ugur|2|1464
|player|p2|gareeb adani|101|1432
|teamsize|p1|6
|teamsize|p2|6
|gen|8
|tier|[Gen 8] Random Battle
|rated|
|rule|Species Clause: Limit one of each Pokémon
|rule|HP Percentage Mod: HP is shown in percentages
|rule|Sleep Clause Mod: Limit one foe put to sleep
|
|t:|1685108983
|start
|switch|p1a: Tsareena|Tsareena, L84, F|258/258
|switch|p2a: Exploud|Exploud, L84, F|312/312
|turn|1
|inactive|Battle timer is ON: inactive players will automatically lose when time's up. (requested by gareeb adani)
|
|t:|1685108993
|switch|p2a: Froslass|Froslass, L84, F|255/255
|move|p1a: Tsareena|High Jump Kick|p2a: Froslass
|-immune|p2a: Froslass
|-damage|p1a: Tsareena|129/258|[from] highjumpkick
|
|upkeep
|turn|2
|
|t:|1685109008
|switch|p1a: Dialga|Dialga, L74|270/270
|-ability|p1a: Dialga|Pressure
|move|p2a: Froslass|Triple Axel|p1a: Dialga
|-damage|p1a: Dialga|252/270
|-damage|p1a: Dialga|218/270
|-damage|p1a: Dialga|173/270
|-hitcount|p1a: Dialga|3
|
|-heal|p1a: Dialga|189/270|[from] item: Leftovers
|upkeep
|turn|3
|
|t:|1685109026
|move|p2a: Froslass|Poltergeist|p1a: Dialga
|-activate|p1a: Dialga|move: Poltergeist|Leftovers
|-damage|p1a: Dialga|99/270
|move|p1a: Dialga|Stealth Rock|p2a: Froslass
|-sidestart|p2: gareeb adani|move: Stealth Rock
|
|-heal|p1a: Dialga|115/270|[from] item: Leftovers
|upkeep
|turn|4
|
|t:|1685109032
|move|p2a: Froslass|Triple Axel|p1a: Dialga
|-damage|p1a: Dialga|99/270
|-damage|p1a: Dialga|62/270
|-damage|p1a: Dialga|10/270
|-hitcount|p1a: Dialga|3
|move|p1a: Dialga|Flash Cannon|p2a: Froslass
|-supereffective|p2a: Froslass
|-damage|p2a: Froslass|31/255
|
|-heal|p1a: Dialga|26/270|[from] item: Leftovers
|upkeep
|turn|5
|inactive|gareeb adani has 120 seconds left.
|
|t:|1685109063
|move|p2a: Froslass|Poltergeist|p1a: Dialga
|-activate|p1a: Dialga|move: Poltergeist|Leftovers
|-damage|p1a: Dialga|0 fnt
|faint|p1a: Dialga
|
|upkeep
|
|t:|1685109076
|switch|p1a: Tsareena|Tsareena, L84, F|129/258
|turn|6
|inactive|gareeb adani has 120 seconds left.
|
|t:|1685109093
|move|p1a: Tsareena|Knock Off|p2a: Froslass
|-supereffective|p2a: Froslass
|-damage|p2a: Froslass|0 fnt
|-enditem|p2a: Froslass|Wide Lens|[from] move: Knock Off|[of] p1a: Tsareena
|faint|p2a: Froslass
|
|upkeep
|inactive|gareeb adani has 120 seconds left.
|
|t:|1685109101
|switch|p2a: Whiscash|Whiscash, L86, M|329/329
|-damage|p2a: Whiscash|309/329|[from] Stealth Rock
|turn|7
|
|t:|1685109108
|switch|p1a: Drifblim|Drifblim, L84, F|389/389
|move|p2a: Whiscash|Dragon Dance|p2a: Whiscash
|-boost|p2a: Whiscash|atk|1
|-boost|p2a: Whiscash|spe|1
|
|upkeep
|turn|8
|inactive|gareeb adani has 120 seconds left.
|
|t:|1685109144
|move|p2a: Whiscash|Dragon Dance|p2a: Whiscash
|-boost|p2a: Whiscash|atk|1
|-boost|p2a: Whiscash|spe|1
|move|p1a: Drifblim|Calm Mind|p1a: Drifblim
|-boost|p1a: Drifblim|spa|1
|-boost|p1a: Drifblim|spd|1
|
|upkeep
|turn|9
|
|t:|1685109147
|move|p2a: Whiscash|Stone Edge|p1a: Drifblim
|-supereffective|p1a: Drifblim
|-crit|p1a: Drifblim
|-damage|p1a: Drifblim|0 fnt
|faint|p1a: Drifblim
|-damage|p2a: Whiscash|277/329|[from] item: Life Orb
|
|upkeep
|
|t:|1685109158
|switch|p1a: Beheeyem|Beheeyem, L86, F|269/269
|turn|10
|
|t:|1685109166
|move|p2a: Whiscash|Liquidation|p1a: Beheeyem
|-damage|p1a: Beheeyem|45/269
|-damage|p2a: Whiscash|245/329|[from] item: Life Orb
|move|p1a: Beheeyem|Psychic|p2a: Whiscash
|-damage|p2a: Whiscash|0 fnt
|faint|p2a: Whiscash
|
|upkeep
|
|t:|1685109169
|switch|p2a: Crawdaunt|Crawdaunt, L84, F|243/243
|-damage|p2a: Crawdaunt|213/243|[from] Stealth Rock
|turn|11
|
|t:|1685109175
|move|p2a: Crawdaunt|Knock Off|p1a: Beheeyem
|-supereffective|p1a: Beheeyem
|-damage|p1a: Beheeyem|0 fnt
|-enditem|p1a: Beheeyem|Choice Specs|[from] move: Knock Off|[of] p2a: Crawdaunt
|faint|p1a: Beheeyem
|
|upkeep
|
|t:|1685109183
|switch|p1a: Tsareena|Tsareena, L84, F|129/258
|turn|12
|inactive|gareeb adani has 120 seconds left.
|
|t:|1685109222
|switch|p2a: Dragapult|Dragapult, L78, M|265/265
|-damage|p2a: Dragapult|232/265|[from] Stealth Rock
|move|p1a: Tsareena|Power Whip|p2a: Dragapult
|-resisted|p2a: Dragapult
|-damage|p2a: Dragapult|142/265
|
|upkeep
|turn|13
|
|t:|1685109233
|move|p2a: Dragapult|Shadow Ball|p1a: Tsareena
|-damage|p1a: Tsareena|32/258
|move|p1a: Tsareena|Power Whip|p2a: Dragapult
|-resisted|p2a: Dragapult
|-damage|p2a: Dragapult|52/265
|
|upkeep
|turn|14
|inactive|gareeb adani has 120 seconds left.
|
|t:|1685109259
|move|p2a: Dragapult|Shadow Ball|p1a: Tsareena
|-crit|p1a: Tsareena
|-damage|p1a: Tsareena|0 fnt
|faint|p1a: Tsareena
|
|upkeep
|
|t:|1685109263
|switch|p1a: Lycanroc|Lycanroc, L80, F|251/251
|turn|15
|inactive|gareeb adani has 120 seconds left.
|
|t:|1685109275
|move|p2a: Dragapult|Shadow Ball|p1a: Lycanroc
|-damage|p1a: Lycanroc|106/251
|-unboost|p1a: Lycanroc|spd|1
|move|p1a: Lycanroc|Swords Dance|p1a: Lycanroc
|-boost|p1a: Lycanroc|atk|2
|
|upkeep
|turn|16
|
|t:|1685109279
|move|p1a: Lycanroc|Accelerock|p2a: Dragapult
|-damage|p2a: Dragapult|0 fnt
|faint|p2a: Dragapult
|-damage|p1a: Lycanroc|81/251|[from] item: Life Orb
|
|upkeep
|
|t:|1685109282
|switch|p2a: Crawdaunt|Crawdaunt, L84, F|213/243
|-damage|p2a: Crawdaunt|183/243|[from] Stealth Rock
|turn|17
|
|t:|1685109285
|move|p1a: Lycanroc|Accelerock|p2a: Crawdaunt
|-damage|p2a: Crawdaunt|53/243
|-damage|p1a: Lycanroc|56/251|[from] item: Life Orb
|move|p2a: Crawdaunt|Aqua Jet|p1a: Lycanroc
|-supereffective|p1a: Lycanroc
|-damage|p1a: Lycanroc|0 fnt
|faint|p1a: Lycanroc
|
|upkeep
|
|t:|1685109288
|switch|p1a: Dragapult|Dragapult, L78, F|265/265
|turn|18
|
|t:|1685109299
|move|p2a: Crawdaunt|Aqua Jet|p1a: Dragapult
|-resisted|p1a: Dragapult
|-damage|p1a: Dragapult|205/265
|move|p1a: Dragapult|Shadow Ball|p2a: Crawdaunt
|-resisted|p2a: Crawdaunt
|-damage|p2a: Crawdaunt|0 fnt
|faint|p2a: Crawdaunt
|
|upkeep
|
|t:|1685109301
|switch|p2a: Exploud|Exploud, L84, F|312/312
|-damage|p2a: Exploud|273/312|[from] Stealth Rock
|turn|19
|
|t:|1685109305
|-start|p1a: Dragapult|Dynamax|
|-heal|p1a: Dragapult|410/530|[silent]
|move|p1a: Dragapult|Max Wyrmwind|p2a: Exploud
|-damage|p2a: Exploud|116/312
|-unboost|p2a: Exploud|atk|1
|move|p2a: Exploud|Boomburst|p1a: Dragapult
|-damage|p1a: Dragapult|173/530
|
|upkeep
|turn|20
|
|t:|1685109318
|move|p1a: Dragapult|Max Wyrmwind|p2a: Exploud
|-damage|p2a: Exploud|0 fnt
|faint|p2a: Exploud
|
|upkeep
|
|t:|1685109322
|switch|p2a: Zygarde|Zygarde-10%, L82|223/223
|-damage|p2a: Zygarde|210/223|[from] Stealth Rock
|-ability|p2a: Zygarde|Aura Break
|turn|21
|
|t:|1685109324
|-start|p2a: Zygarde|Dynamax|
|-heal|p2a: Zygarde|420/446|[silent]
|move|p2a: Zygarde|Max Guard|p2a: Zygarde
|-singleturn|p2a: Zygarde|Max Guard
|move|p1a: Dragapult|Max Wyrmwind|p2a: Zygarde
|-activate|p2a: Zygarde|move: Max Guard
|
|upkeep
|-end|p1a: Dragapult|Dynamax
|-heal|p1a: Dragapult|87/265|[silent]
|turn|22
|
|t:|1685109330
|move|p1a: Dragapult|Shadow Ball|p2a: Zygarde
|-damage|p2a: Zygarde|305/446
|-unboost|p2a: Zygarde|spd|1
|move|p2a: Zygarde|Max Wyrmwind|p1a: Dragapult
|-supereffective|p1a: Dragapult
|-damage|p1a: Dragapult|0 fnt
|faint|p1a: Dragapult
|-damage|p2a: Zygarde|283/446|[from] item: Life Orb
|
|win|gareeb adani
|raw|Ugur's rating: 1464 &rarr; <strong>1442</strong><br />(-22 for losing)
|raw|gareeb adani's rating: 1432 &rarr; <strong>1454</strong><br />(+22 for winning)
|l|☆Ugur
