|j|☆NightFuryCade
|j|☆DG Zero
|t:|1684284440
|gametype|singles
|player|p1|NightFuryCade|lady|1133
|player|p2|DG Zero|veteran|1157
|teamsize|p1|6
|teamsize|p2|6
|gen|8
|tier|[Gen 8] Random Battle
|rated|
|rule|Species Clause: Limit one of each Pokémon
|rule|HP Percentage Mod: HP is shown in percentages
|rule|Sleep Clause Mod: Limit one foe put to sleep
|
|t:|1684284440
|start
|switch|p1a: Sudowoodo|Sudowoodo, L87, F|264/264
|switch|p2a: Morpeko|Morpeko, L86, F|240/240
|turn|1
|inactive|Battle timer is ON: inactive players will automatically lose when time's up. (requested by DG Zero)
|
|t:|1684284455
|move|p2a: Morpeko|Parting Shot|p1a: Sudowoodo
|-unboost|p1a: Sudowoodo|atk|1
|-unboost|p1a: Sudowoodo|spa|1
|
|t:|1684284466
|switch|p2a: Dragalge|Dragalge, L86, F|252/252|[from] Parting Shot
|move|p1a: Sudowoodo|Head Smash|p2a: Dragalge
|-damage|p2a: Dragalge|149/252
|
|-heal|p2a: Dragalge|164/252|[from] item: Black Sludge
|upkeep
|turn|2
|inactive|NightFuryCade has 120 seconds left.
|inactive|NightFuryCade has 90 seconds left.
|
|t:|1684284535
|move|p2a: Dragalge|Toxic Spikes|p1a: Sudowoodo
|-sidestart|p1: NightFuryCade|move: Toxic Spikes
|move|p1a: Sudowoodo|Head Smash|p2a: Dragalge
|-damage|p2a: Dragalge|44/252
|
|-heal|p2a: Dragalge|59/252|[from] item: Black Sludge
|upkeep
|turn|3
|inactive|NightFuryCade has 90 seconds left.
|
|t:|1684284548
|move|p2a: Dragalge|Toxic Spikes|p1a: Sudowoodo
|-sidestart|p1: NightFuryCade|move: Toxic Spikes
|move|p1a: Sudowoodo|Head Smash|p2a: Dragalge
|-damage|p2a: Dragalge|0 fnt
|faint|p2a: Dragalge
|
|upkeep
|
|t:|1684284554
|switch|p2a: Slowbro|Slowbro, L84, M|297/297
|turn|4
|
|t:|1684284558
|move|p1a: Sudowoodo|Wood Hammer|p2a: Slowbro
|-supereffective|p2a: Slowbro
|-damage|p2a: Slowbro|199/297
|move|p2a: Slowbro|Scald|p1a: Sudowoodo
|-supereffective|p1a: Sudowoodo
|-crit|p1a: Sudowoodo
|-damage|p1a: Sudowoodo|0 fnt
|faint|p1a: Sudowoodo
|
|-heal|p2a: Slowbro|217/297|[from] item: Leftovers
|upkeep
|inactive|NightFuryCade has 90 seconds left.
|
|t:|1684284587
|switch|p1a: Leafeon|Leafeon, L86, M|252/252
|-status|p1a: Leafeon|tox
|turn|5
|
|t:|1684284609
|switch|p2a: Yveltal|Yveltal, L69|288/288
|-ability|p2a: Yveltal|Dark Aura
|move|p1a: Leafeon|Swords Dance|p1a: Leafeon
|-boost|p1a: Leafeon|atk|2
|
|-damage|p1a: Leafeon|237/252 tox|[from] psn
|upkeep
|turn|6
|inactive|NightFuryCade has 90 seconds left.
|
|t:|1684284633
|switch|p1a: Mimikyu|Mimikyu, L76, M|209/209
|-status|p1a: Mimikyu|tox
|move|p2a: Yveltal|Oblivion Wing|p1a: Mimikyu
|-activate|p1a: Mimikyu|ability: Disguise
|-damage|p1a: Mimikyu|209/209 tox
|detailschange|p1a: Mimikyu|Mimikyu-Busted, L76, M
|-damage|p1a: Mimikyu|183/209 tox|[from] pokemon: Mimikyu-Busted
|
|-damage|p1a: Mimikyu|170/209 tox|[from] psn
|upkeep
|turn|7
|inactive|NightFuryCade has 90 seconds left.
|
|t:|1684284646
|move|p1a: Mimikyu|Swords Dance|p1a: Mimikyu
|-boost|p1a: Mimikyu|atk|2
|move|p2a: Yveltal|Knock Off|p1a: Mimikyu
|-damage|p1a: Mimikyu|38/209 tox
|-enditem|p1a: Mimikyu|Life Orb|[from] move: Knock Off|[of] p2a: Yveltal
|
|-damage|p1a: Mimikyu|12/209 tox|[from] psn
|upkeep
|turn|8
|inactive|DG Zero has 120 seconds left.
|
|t:|1684284667
|move|p1a: Mimikyu|Play Rough|p2a: Yveltal
|-supereffective|p2a: Yveltal
|-damage|p2a: Yveltal|0 fnt
|faint|p2a: Yveltal
|
|-damage|p1a: Mimikyu|0 fnt|[from] psn
|faint|p1a: Mimikyu
|upkeep
|
|t:|1684284685
|switch|p1a: Leafeon|Leafeon, L86, M|237/252 tox
|switch|p2a: Abomasnow|Abomasnow, L82, F|282/282
|-weather|Hail|[from] ability: Snow Warning|[of] p2a: Abomasnow
|turn|9
|inactive|NightFuryCade has 90 seconds left.
|
|t:|1684284702
|switch|p1a: Kyogre|Kyogre, L72|263/263
|-status|p1a: Kyogre|tox
|-weather|RainDance|[from] ability: Drizzle|[of] p1a: Kyogre
|move|p2a: Abomasnow|Aurora Veil||[still]
|-fail|p2a: Abomasnow
|
|-weather|RainDance|[upkeep]
|-damage|p1a: Kyogre|247/263 tox|[from] psn
|upkeep
|turn|10
|inactive|NightFuryCade has 90 seconds left.
|inactive|DG Zero has 120 seconds left.
|
|t:|1684284744
|switch|p2a: Rotom|Rotom-Fan, L84|221/221
|move|p1a: Kyogre|Water Spout|p2a: Rotom
|-damage|p2a: Rotom|25/221
|
|-weather|RainDance|[upkeep]
|-damage|p1a: Kyogre|215/263 tox|[from] psn
|upkeep
|turn|11
|inactive|NightFuryCade has 90 seconds left.
|
|t:|1684284753
|move|p1a: Kyogre|Water Spout|p2a: Rotom
|-damage|p2a: Rotom|0 fnt
|faint|p2a: Rotom
|
|-weather|RainDance|[upkeep]
|-damage|p1a: Kyogre|167/263 tox|[from] psn
|upkeep
|
|t:|1684284764
|switch|p2a: Abomasnow|Abomasnow, L82, F|282/282
|-weather|Hail|[from] ability: Snow Warning|[of] p2a: Abomasnow
|turn|12
|
|t:|1684284779
|move|p1a: Kyogre|Water Spout|p2a: Abomasnow
|-resisted|p2a: Abomasnow
|-damage|p2a: Abomasnow|231/282
|move|p2a: Abomasnow|Aurora Veil|p2a: Abomasnow
|-sidestart|p2: DG Zero|move: Aurora Veil
|
|-weather|Hail|[upkeep]
|-damage|p1a: Kyogre|151/263 tox|[from] Hail
|-damage|p1a: Kyogre|87/263 tox|[from] psn
|upkeep
|turn|13
|
|t:|1684284790
|switch|p1a: Quagsire|Quagsire, L84, F|297/297
|-status|p1a: Quagsire|tox
|move|p2a: Abomasnow|Wood Hammer|p1a: Quagsire
|-supereffective|p1a: Quagsire
|-damage|p1a: Quagsire|0 fnt
|faint|p1a: Quagsire
|-damage|p2a: Abomasnow|133/282|[from] Recoil
|
|-weather|Hail|[upkeep]
|upkeep
|
|t:|1684284797
|switch|p1a: Regidrago|Regidrago, L78|440/440
|-status|p1a: Regidrago|tox
|-enditem|p1a: Regidrago|Lum Berry|[eat]
|-curestatus|p1a: Regidrago|tox|[msg]
|turn|14
|inactive|DG Zero has 120 seconds left.
|
|t:|1684284810
|-start|p1a: Regidrago|Dynamax|
|-heal|p1a: Regidrago|880/880|[silent]
|move|p1a: Regidrago|Max Flare|p2a: Abomasnow
|-supereffective|p2a: Abomasnow
|-damage|p2a: Abomasnow|0 fnt
|-weather|SunnyDay
|faint|p2a: Abomasnow
|
|-weather|SunnyDay|[upkeep]
|upkeep
|
|t:|1684284821
|switch|p2a: Slowbro|Slowbro, L84, M|297/297
|turn|15
|
|t:|1684284828
|-start|p2a: Slowbro|Dynamax|
|-heal|p2a: Slowbro|594/594|[silent]
|move|p1a: Regidrago|Max Wyrmwind|p2a: Slowbro
|-damage|p2a: Slowbro|505/594
|-unboost|p2a: Slowbro|atk|1
|move|p2a: Slowbro|Max Hailstorm|p1a: Regidrago
|-supereffective|p1a: Regidrago
|-damage|p1a: Regidrago|598/880
|-weather|Hail
|
|-weather|Hail|[upkeep]
|-damage|p1a: Regidrago|571/880|[from] Hail
|-damage|p2a: Slowbro|487/594|[from] Hail
|-heal|p2a: Slowbro|505/594|[from] item: Leftovers
|upkeep
|turn|16
|inactive|NightFuryCade has 120 seconds left.
|inactive|DG Zero has 120 seconds left.
|
|t:|1684284844
|move|p1a: Regidrago|Max Wyrmwind|p2a: Slowbro
|-crit|p2a: Slowbro
|-damage|p2a: Slowbro|256/594
|-unboost|p2a: Slowbro|atk|1
|move|p2a: Slowbro|Max Hailstorm|p1a: Regidrago
|-supereffective|p1a: Regidrago
|-damage|p1a: Regidrago|289/880
|
|-weather|Hail|[upkeep]
|-damage|p1a: Regidrago|262/880|[from] Hail
|-damage|p2a: Slowbro|238/594|[from] Hail
|-heal|p2a: Slowbro|256/594|[from] item: Leftovers
|upkeep
|-end|p1a: Regidrago|Dynamax
|-heal|p1a: Regidrago|131/440|[silent]
|turn|17
|inactive|NightFuryCade has 120 seconds left.
|
|t:|1684284862
|move|p1a: Regidrago|Outrage|p2a: Slowbro
|-damage|p2a: Slowbro|181/594
|move|p2a: Slowbro|Max Hailstorm|p1a: Regidrago
|-supereffective|p1a: Regidrago
|-damage|p1a: Regidrago|0 fnt
|faint|p1a: Regidrago
|
|-weather|Hail|[upkeep]
|-damage|p2a: Slowbro|163/594|[from] Hail
|-heal|p2a: Slowbro|181/594|[from] item: Leftovers
|upkeep
|inactive|NightFuryCade has 120 seconds left.
|
|t:|1684284867
|switch|p1a: Kyogre|Kyogre, L72|87/263 tox
|-weather|RainDance|[from] ability: Drizzle|[of] p1a: Kyogre
|-end|p2a: Slowbro|Dynamax
|-heal|p2a: Slowbro|91/297|[silent]
|turn|18
|
|t:|1684284878
|move|p1a: Kyogre|Thunder|p2a: Slowbro
|-supereffective|p2a: Slowbro
|-damage|p2a: Slowbro|5/297
|move|p2a: Slowbro|Slack Off|p2a: Slowbro
|-heal|p2a: Slowbro|154/297
|
|-weather|RainDance|[upkeep]
|-heal|p2a: Slowbro|172/297|[from] item: Leftovers
|-damage|p1a: Kyogre|71/263 tox|[from] psn
|upkeep
|turn|19
|
|t:|1684284890
|move|p1a: Kyogre|Thunder|p2a: Slowbro
|-supereffective|p2a: Slowbro
|-damage|p2a: Slowbro|92/297
|move|p2a: Slowbro|Teleport|p2a: Slowbro
|
|t:|1684284895
|switch|p2a: Morpeko|Morpeko, L86, F|240/240|[from] Teleport
|
|-weather|RainDance|[upkeep]
|-damage|p1a: Kyogre|39/263 tox|[from] psn
|-sideend|p2: DG Zero|move: Aurora Veil
|-formechange|p2a: Morpeko|Morpeko-Hangry||[from] ability: Hunger Switch
|upkeep
|turn|20
|inactive|DG Zero has 120 seconds left.
|
|t:|1684284909
|switch|p1a: Leafeon|Leafeon, L86, M|237/252 tox
|move|p2a: Morpeko|Aura Wheel|p1a: Leafeon
|-damage|p1a: Leafeon|146/252 tox
|-boost|p2a: Morpeko|spe|1
|
|-weather|RainDance|[upkeep]
|-damage|p1a: Leafeon|131/252 tox|[from] psn
|-formechange|p2a: Morpeko|Morpeko||[from] ability: Hunger Switch
|upkeep
|turn|21
|inactive|DG Zero has 120 seconds left.
|
|t:|1684284926
|move|p2a: Morpeko|Foul Play|p1a: Leafeon
|-damage|p1a: Leafeon|44/252 tox
|move|p1a: Leafeon|X-Scissor|p2a: Morpeko
|-supereffective|p2a: Morpeko
|-damage|p2a: Morpeko|11/240
|-damage|p1a: Leafeon|19/252 tox|[from] item: Life Orb
|
|-weather|RainDance|[upkeep]
|-damage|p1a: Leafeon|0 fnt|[from] psn
|faint|p1a: Leafeon
|-formechange|p2a: Morpeko|Morpeko-Hangry||[from] ability: Hunger Switch
|upkeep
|
|t:|1684284933
|switch|p1a: Kyogre|Kyogre, L72|39/263 tox
|turn|22
|inactive|DG Zero has 120 seconds left.
|
|t:|1684284940
|move|p2a: Morpeko|Aura Wheel|p1a: Kyogre
|-damage|p1a: Kyogre|0 fnt
|-boost|p2a: Morpeko|spe|1
|faint|p1a: Kyogre
|
|win|DG Zero
|raw|NightFuryCade's rating: 1133 &rarr; <strong>1110</strong><br />(-23 for losing)
|raw|DG Zero's rating: 1157 &rarr; <strong>1180</strong><br />(+23 for winning)
|l|☆NightFuryCade
|c|☆DG Zero|gg
