{"id": "gen8randombattle-1873403598", "p1": "Nerd kid o", "p2": "czcyf", "format": "[Gen 8] Random Battle", "log": "|j|\u2606Nerd kid o\n|j|\u2606czcyf\n|t:|1685373132\n|gametype|singles\n|player|p1|Nerd kid o|unknown|1054\n|player|p2|czcyf|acerola|1163\n|teamsize|p1|6\n|teamsize|p2|6\n|gen|8\n|tier|[Gen 8] Random Battle\n|rated|\n|rule|Species Clause: Limit one of each Pok\u00e9mon\n|rule|HP Percentage Mod: HP is shown in percentages\n|rule|Sleep Clause Mod: Limit one foe put to sleep\n|\n|t:|1685373132\n|start\n|switch|p1a: Audino|Audino, L91, M|335/335\n|switch|p2a: Lycanroc|Lycanroc-Midnight, L82, M|274/274\n|turn|1\n|\n|t:|1685373153\n|move|p2a: Lycanroc|Swords Dance|p2a: Lycanroc\n|-boost|p2a: Lycanroc|atk|2\n|move|p1a: Audino|Knock Off|p2a: Lycanroc\n|-damage|p2a: Lycanroc|213/274\n|-enditem|p2a: Lycanroc|Life Orb|[from] move: Knock Off|[of] p1a: Audino\n|\n|upkeep\n|turn|2\n|\n|t:|1685373166\n|move|p2a: Lycanroc|Swords Dance|p2a: Lycanroc\n|-boost|p2a: Lycanroc|atk|2\n|move|p1a: Audino|Toxic|p2a: Lycanroc\n|-status|p2a: Lycanroc|tox\n|\n|-damage|p2a: Lycanroc|196/274 tox|[from] psn\n|upkeep\n|turn|3\n|\n|t:|1685373176\n|move|p2a: Lycanroc|Stone Edge|p1a: Audino\n|-damage|p1a: Audino|0 fnt\n|faint|p1a: Audino\n|\n|-damage|p2a: Lycanroc|162/274 tox|[from] psn\n|upkeep\n|\n|t:|1685373180\n|switch|p1a: Gastrodon|Gastrodon-East, L84, F|324/324\n|turn|4\n|\n|t:|1685373189\n|move|p2a: Lycanroc|Sucker Punch|p1a: Gastrodon\n|-damage|p1a: Gastrodon|123/324\n|move|p1a: Gastrodon|Scald|p2a: Lycanroc\n|-supereffective|p2a: Lycanroc\n|-damage|p2a: Lycanroc|0 fnt\n|faint|p2a: Lycanroc\n|\n|-heal|p1a: Gastrodon|143/324|[from] item: Leftovers\n|upkeep\n|\n|t:|1685373198\n|switch|p2a: Orbeetle|Orbeetle, L86, F|243/243\n|-item|p1a: Gastrodon|Leftovers|[from] ability: Frisk|[of] p2a: Orbeetle|[identify]\n|turn|5\n|\n|t:|1685373209\n|switch|p1a: Lilligant|Lilligant, L84, F|255/255\n|move|p2a: Orbeetle|Sticky Web|p1a: Lilligant\n|-sidestart|p1: Nerd kid o|move: Sticky Web\n|\n|upkeep\n|turn|6\n|\n|t:|1685373224\n|move|p2a: Orbeetle|U-turn|p1a: Lilligant\n|-supereffective|p1a: Lilligant\n|-damage|p1a: Lilligant|153/255\n|\n|t:|1685373235\n|switch|p2a: Buzzwole|Buzzwole, L77|291/291|[from] U-turn\n|move|p1a: Lilligant|Giga Drain|p2a: Buzzwole\n|-resisted|p2a: Buzzwole\n|-damage|p2a: Buzzwole|203/291\n|-heal|p1a: Lilligant|197/255|[from] drain|[of] p2a: Buzzwole\n|-damage|p1a: Lilligant|172/255|[from] item: Life Orb\n|\n|upkeep\n|turn|7\n|\n|t:|1685373247\n|switch|p1a: Orbeetle|Orbeetle, L86, F|243/243\n|-item|p2a: Buzzwole|Choice Band|[from] ability: Frisk|[of] p1a: Orbeetle|[identify]\n|move|p2a: Buzzwole|Leech Life|p1a: Orbeetle\n|-supereffective|p1a: Orbeetle\n|-damage|p1a: Orbeetle|15/243\n|-heal|p2a: Buzzwole|291/291|[from] drain|[of] p1a: Orbeetle\n|\n|upkeep\n|turn|8\n|\n|t:|1685373253\n|move|p1a: Orbeetle|Sticky Web|p2a: Buzzwole\n|-sidestart|p2: czcyf|move: Sticky Web\n|move|p2a: Buzzwole|Leech Life|p1a: Orbeetle\n|-supereffective|p1a: Orbeetle\n|-crit|p1a: Orbeetle\n|-damage|p1a: Orbeetle|0 fnt\n|faint|p1a: Orbeetle\n|-ability|p2a: Buzzwole|Beast Boost|boost\n|-boost|p2a: Buzzwole|atk|1\n|\n|upkeep\n|\n|t:|1685373266\n|switch|p1a: Suicune|Suicune, L80|291/291\n|-activate|p1a: Suicune|move: Sticky Web\n|-unboost|p1a: Suicune|spe|1\n|-ability|p1a: Suicune|Pressure\n|turn|9\n|\n|t:|1685373271\n|move|p2a: Buzzwole|Leech Life|p1a: Suicune\n|-damage|p1a: Suicune|104/291\n|move|p1a: Suicune|Ice Beam|p2a: Buzzwole\n|-damage|p2a: Buzzwole|201/291\n|\n|-heal|p1a: Suicune|122/291|[from] item: Leftovers\n|upkeep\n|turn|10\n|\n|t:|1685373277\n|switch|p1a: Pheromosa|Pheromosa, L75|230/230\n|-activate|p1a: Pheromosa|move: Sticky Web\n|-unboost|p1a: Pheromosa|spe|1\n|move|p2a: Buzzwole|Leech Life|p1a: Pheromosa\n|-resisted|p1a: Pheromosa\n|-damage|p1a: Pheromosa|11/230\n|-heal|p2a: Buzzwole|291/291|[from] drain|[of] p1a: Pheromosa\n|\n|upkeep\n|turn|11\n|\n|t:|1685373288\n|move|p1a: Pheromosa|Throat Chop|p2a: Buzzwole\n|-resisted|p2a: Buzzwole\n|-damage|p2a: Buzzwole|264/291\n|-start|p2a: Buzzwole|Throat Chop|[silent]\n|-damage|p1a: Pheromosa|0 fnt|[from] item: Life Orb\n|faint|p1a: Pheromosa\n|move|p2a: Buzzwole|Leech Life|p1: Pheromosa|[notarget]\n|-fail|p2a: Buzzwole\n|\n|upkeep\n|\n|t:|1685373291\n|switch|p1a: Lilligant|Lilligant, L84, F|172/255\n|-activate|p1a: Lilligant|move: Sticky Web\n|-unboost|p1a: Lilligant|spe|1\n|turn|12\n|\n|t:|1685373295\n|move|p2a: Buzzwole|Leech Life|p1a: Lilligant\n|-supereffective|p1a: Lilligant\n|-damage|p1a: Lilligant|0 fnt\n|-heal|p2a: Buzzwole|291/291|[from] drain|[of] p1a: Lilligant\n|faint|p1a: Lilligant\n|-ability|p2a: Buzzwole|Beast Boost|boost\n|-boost|p2a: Buzzwole|atk|1\n|\n|-end|p2a: Buzzwole|Throat Chop|[silent]\n|upkeep\n|\n|t:|1685373298\n|switch|p1a: Gastrodon|Gastrodon-East, L84, F|143/324\n|-activate|p1a: Gastrodon|move: Sticky Web\n|-unboost|p1a: Gastrodon|spe|1\n|turn|13\n|\n|t:|1685373302\n|move|p2a: Buzzwole|Leech Life|p1a: Gastrodon\n|-damage|p1a: Gastrodon|0 fnt\n|faint|p1a: Gastrodon\n|-ability|p2a: Buzzwole|Beast Boost|boost\n|-boost|p2a: Buzzwole|atk|1\n|\n|upkeep\n|\n|t:|1685373305\n|switch|p1a: Suicune|Suicune, L80|122/291\n|-activate|p1a: Suicune|move: Sticky Web\n|-unboost|p1a: Suicune|spe|1\n|-ability|p1a: Suicune|Pressure\n|turn|14\n|\n|t:|1685373309\n|move|p2a: Buzzwole|Leech Life|p1a: Suicune\n|-damage|p1a: Suicune|0 fnt\n|faint|p1a: Suicune\n|\n|win|czcyf\n|raw|Nerd kid o's rating: 1054 &rarr; <strong>1041</strong><br />(-13 for losing)\n|raw|czcyf's rating: 1163 &rarr; <strong>1180</strong><br />(+17 for winning)\n", "inputlog": ">version 6fec31d5a0d4498a06105aa188c9906bc0b6bf95\n>start {\"formatid\":\"gen8randombattle\",\"seed\":[52502,4688,16128,11059],\"rated\":\"Rated battle\"}\n>player p1 {\"name\":\"Nerd kid o\",\"avatar\":\"unknown\",\"rating\":1054,\"seed\":[63108,61597,30890,21077]}\n>player p2 {\"name\":\"czcyf\",\"avatar\":\"acerola\",\"rating\":1163,\"seed\":[61558,18778,37305,16022]}\n>p1 move knockoff\n>p2 move swordsdance\n>p1 move toxic\n>p2 move swordsdance\n>p1 move knockoff\n>p2 move stoneedge\n>p1 switch 4\n>p1 move scald\n>p2 move suckerpunch\n>p2 switch 2\n>p1 switch 6\n>p2 move stickyweb\n>p1 move gigadrain\n>p2 move uturn\n>p2 switch 5\n>p1 switch 3\n>p2 move leechlife\n>p1 move stickyweb\n>p2 move leechlife\n>p1 switch 5\n>p1 move icebeam\n>p2 move leechlife\n>p1 switch 2\n>p2 move leechlife\n>p1 move throatchop\n>p2 move leechlife\n>p1 switch 3\n>p1 move pollenpuff\n>p2 move leechlife\n>p1 switch 6\n>p1 move earthquake\n>p2 move leechlife\n>p1 switch 2\n>p1 move scald\n>p2 move leechlife", "uploadtime": 1685373313, "views": 7, "p1id": "nerdkido", "p2id": "czcyf", "formatid": "gen8randombattle", "rating": 1041, "private": 0, "password": ""}