{"id": "gen8randombattle-1871830892", "p1": "XYZ15", "p2": "Lord Rekkuza", "format": "[Gen 8] Random Battle", "log": "|j|\u2606XYZ15\n|j|\u2606Lord Rekkuza\n|t:|1685135215\n|gametype|singles\n|player|p1|XYZ15|rei|\n|player|p2|Lord Rekkuza|lance-masters|\n|teamsize|p1|6\n|teamsize|p2|6\n|gen|8\n|tier|[Gen 8] Random Battle\n|rule|Species Clause: Limit one of each Pok\u00e9mon\n|rule|HP Percentage Mod: HP is shown in percentages\n|rule|Sleep Clause Mod: Limit one foe put to sleep\n|\n|t:|1685135215\n|start\n|switch|p1a: Dragapult|Dragapult, L78, F|265/265\n|switch|p2a: Rotom|Rotom-Mow, L86|226/226\n|turn|1\n|c|\u2606Lord Rekkuza|Glhf\n|c|\u2606XYZ15|same\n|inactive|Battle timer is ON: inactive players will automatically lose when time's up. (requested by Lord Rekkuza)\n|inactive|Lord Rekkuza has 270 seconds left.\n|\n|t:|1685135281\n|switch|p2a: Lickilicky|Lickilicky, L86, F|329/329\n|move|p1a: Dragapult|U-turn|p2a: Lickilicky\n|-damage|p2a: Lickilicky|277/329\n|\n|t:|1685135285\n|switch|p1a: Buzzwole|Buzzwole, L77|291/291|[from] U-turn\n|\n|-heal|p2a: Lickilicky|297/329|[from] item: Leftovers\n|upkeep\n|turn|2\n|\n|t:|1685135308\n|switch|p2a: Corviknight|Corviknight, L78, F|281/281\n|-start|p1a: Buzzwole|Dynamax|\n|-heal|p1a: Buzzwole|582/582|[silent]\n|move|p1a: Buzzwole|Max Airstream|p2a: Corviknight\n|-resisted|p2a: Corviknight\n|-damage|p2a: Corviknight|233/281\n|-boost|p1a: Buzzwole|spe|1\n|\n|-heal|p2a: Corviknight|250/281|[from] item: Leftovers\n|upkeep\n|turn|3\n|inactive|Lord Rekkuza has 270 seconds left.\n|\n|t:|1685135333\n|-start|p2a: Corviknight|Dynamax|\n|-heal|p2a: Corviknight|500/562|[silent]\n|move|p1a: Buzzwole|Max Knuckle|p2a: Corviknight\n|-damage|p2a: Corviknight|395/562\n|-boost|p1a: Buzzwole|atk|1\n|move|p2a: Corviknight|Max Airstream|p1a: Buzzwole\n|-supereffective|p1a: Buzzwole\n|-damage|p1a: Buzzwole|222/582\n|-boost|p2a: Corviknight|spe|1\n|\n|-heal|p2a: Corviknight|412/562|[from] item: Leftovers\n|upkeep\n|turn|4\n|inactive|Lord Rekkuza has 270 seconds left.\n|\n|t:|1685135350\n|move|p1a: Buzzwole|Max Knuckle|p2a: Corviknight\n|-damage|p2a: Corviknight|262/562\n|-boost|p1a: Buzzwole|atk|1\n|move|p2a: Corviknight|Max Airstream|p1a: Buzzwole\n|-supereffective|p1a: Buzzwole\n|-damage|p1a: Buzzwole|0 fnt\n|-boost|p2a: Corviknight|spe|1\n|faint|p1a: Buzzwole\n|\n|-heal|p2a: Corviknight|279/562|[from] item: Leftovers\n|upkeep\n|\n|t:|1685135359\n|switch|p1a: Porygon-Z|Porygon-Z, L80|267/267\n|-ability|p1a: Porygon-Z|Download|boost\n|-boost|p1a: Porygon-Z|spa|1\n|turn|5\n|inactive|Lord Rekkuza has 270 seconds left.\n|\n|t:|1685135372\n|move|p2a: Corviknight|Max Guard|p2a: Corviknight\n|-singleturn|p2a: Corviknight|Max Guard\n|move|p1a: Porygon-Z|Thunderbolt|p2a: Corviknight\n|-activate|p2a: Corviknight|move: Max Guard\n|\n|-heal|p2a: Corviknight|296/562|[from] item: Leftovers\n|upkeep\n|-end|p2a: Corviknight|Dynamax\n|-heal|p2a: Corviknight|148/281|[silent]\n|turn|6\n|inactive|Lord Rekkuza has 270 seconds left.\n|j| AndreyVGC\n|\n|t:|1685135386\n|switch|p2a: Rotom|Rotom-Mow, L86|226/226\n|move|p1a: Porygon-Z|Thunderbolt|p2a: Rotom\n|-resisted|p2a: Rotom\n|-damage|p2a: Rotom|194/226\n|-damage|p1a: Porygon-Z|241/267|[from] item: Life Orb\n|\n|-heal|p2a: Rotom|208/226|[from] item: Leftovers\n|upkeep\n|turn|7\n|inactive|Lord Rekkuza has 270 seconds left.\n|\n|t:|1685135403\n|move|p2a: Rotom|Volt Switch|p1a: Porygon-Z\n|-damage|p1a: Porygon-Z|147/267\n|\n|t:|1685135415\n|switch|p2a: Lickilicky|Lickilicky, L86, F|297/329|[from] Volt Switch\n|move|p1a: Porygon-Z|Tri Attack|p2a: Lickilicky\n|-damage|p2a: Lickilicky|102/329\n|-damage|p1a: Porygon-Z|121/267|[from] item: Life Orb\n|\n|-heal|p2a: Lickilicky|122/329|[from] item: Leftovers\n|upkeep\n|turn|8\n|\n|t:|1685135434\n|move|p1a: Porygon-Z|Tri Attack|p2a: Lickilicky\n|-damage|p2a: Lickilicky|0 fnt\n|faint|p2a: Lickilicky\n|-damage|p1a: Porygon-Z|95/267|[from] item: Life Orb\n|\n|upkeep\n|inactive|Lord Rekkuza has 240 seconds left.\n|\n|t:|1685135454\n|switch|p2a: Rotom|Rotom-Mow, L86|208/226\n|turn|9\n|\n|t:|1685135463\n|switch|p1a: Dragapult|Dragapult, L78, F|265/265\n|move|p2a: Rotom|Thunderbolt|p1a: Dragapult\n|-resisted|p1a: Dragapult\n|-damage|p1a: Dragapult|197/265\n|\n|-heal|p2a: Rotom|222/226|[from] item: Leftovers\n|upkeep\n|turn|10\n|inactive|Lord Rekkuza has 240 seconds left.\n|\n|t:|1685135494\n|move|p1a: Dragapult|U-turn|p2a: Rotom\n|-supereffective|p2a: Rotom\n|-damage|p2a: Rotom|142/226\n|\n|t:|1685135506\n|switch|p1a: Luxray|Luxray, L84, F|272/272|[from] U-turn\n|-ability|p1a: Luxray|Intimidate|boost\n|-unboost|p2a: Rotom|atk|1\n|move|p2a: Rotom|Volt Switch|p1a: Luxray\n|-resisted|p1a: Luxray\n|-damage|p1a: Luxray|241/272\n|\n|t:|1685135535\n|switch|p2a: Whiscash|Whiscash, L86, M|329/329|[from] Volt Switch\n|\n|upkeep\n|turn|11\n|inactive|Lord Rekkuza has 210 seconds left.\n|\n|t:|1685135571\n|switch|p1a: Polteageist|Polteageist, L78|222/222\n|move|p2a: Whiscash|Dragon Dance|p2a: Whiscash\n|-boost|p2a: Whiscash|atk|1\n|-boost|p2a: Whiscash|spe|1\n|\n|upkeep\n|turn|12\n|inactive|Lord Rekkuza has 180 seconds left.\n|inactive|Lord Rekkuza has 150 seconds left.\n|\n|t:|1685135625\n|switch|p2a: Corviknight|Corviknight, L78, F|148/281\n|move|p1a: Polteageist|Giga Drain|p2a: Corviknight\n|-resisted|p2a: Corviknight\n|-damage|p2a: Corviknight|133/281\n|\n|-heal|p2a: Corviknight|150/281|[from] item: Leftovers\n|upkeep\n|turn|13\n|inactive|Lord Rekkuza has 150 seconds left.\n|\n|t:|1685135647\n|move|p1a: Polteageist|Shell Smash|p1a: Polteageist\n|-unboost|p1a: Polteageist|def|1\n|-unboost|p1a: Polteageist|spd|1\n|-boost|p1a: Polteageist|atk|2\n|-boost|p1a: Polteageist|spa|2\n|-boost|p1a: Polteageist|spe|2\n|-enditem|p1a: Polteageist|White Herb\n|-clearnegativeboost|p1a: Polteageist|[silent]\n|move|p2a: Corviknight|Brave Bird|p1a: Polteageist\n|-damage|p1a: Polteageist|92/222\n|-start|p2a: Corviknight|Disable|Brave Bird|[from] ability: Cursed Body|[of] p1a: Polteageist\n|-damage|p2a: Corviknight|107/281|[from] Recoil\n|\n|-heal|p2a: Corviknight|124/281|[from] item: Leftovers\n|upkeep\n|turn|14\n|\n|t:|1685135675\n|move|p1a: Polteageist|Shadow Ball|p2a: Corviknight\n|-damage|p2a: Corviknight|0 fnt\n|faint|p2a: Corviknight\n|\n|upkeep\n|inactive|Lord Rekkuza has 120 seconds left.\n|\n|t:|1685135702\n|switch|p2a: Jirachi|Jirachi, L79|288/288\n|turn|15\n|\n|t:|1685135705\n|move|p1a: Polteageist|Shadow Ball|p2a: Jirachi\n|-supereffective|p2a: Jirachi\n|-damage|p2a: Jirachi|0 fnt\n|faint|p2a: Jirachi\n|\n|upkeep\n|inactive|Lord Rekkuza has 90 seconds left.\n|\n|t:|1685135748\n|switch|p2a: Rotom|Rotom-Mow, L86|142/226\n|turn|16\n|\n|t:|1685135751\n|move|p1a: Polteageist|Shadow Ball|p2a: Rotom\n|-damage|p2a: Rotom|0 fnt\n|faint|p2a: Rotom\n|\n|upkeep\n|inactive|Lord Rekkuza has 90 seconds left.\n|\n|t:|1685135758\n|switch|p2a: Hawlucha|Hawlucha, L80, F|256/256\n|turn|17\n|\n|t:|1685135764\n|move|p1a: Polteageist|Shadow Ball|p2a: Hawlucha\n|-damage|p2a: Hawlucha|0 fnt\n|faint|p2a: Hawlucha\n|\n|upkeep\n|\n|t:|1685135767\n|switch|p2a: Whiscash|Whiscash, L86, M|329/329\n|turn|18\n|\n|t:|1685135770\n|move|p1a: Polteageist|Giga Drain|p2a: Whiscash\n|-supereffective|p2a: Whiscash\n|-damage|p2a: Whiscash|0 fnt\n|-heal|p1a: Polteageist|222/222|[from] drain|[of] p2a: Whiscash\n|faint|p2a: Whiscash\n|\n|win|XYZ15\n|c|\u2606XYZ15|gg\n|c|\u2606XYZ15|1-0\n|c|\u2606Lord Rekkuza|gg\n", "inputlog": ">version 61c68e60481ef09071210320730fc448fef50368\n>start {\"formatid\":\"gen8randombattle\",\"seed\":[58253,20651,41618,8741]}\n>player p1 {\"name\":\"XYZ15\",\"avatar\":\"rei\",\"rating\":0,\"seed\":[8314,26139,65062,28121]}\n>player p2 {\"name\":\"Lord Rekkuza\",\"avatar\":\"lance-masters\",\"rating\":0,\"seed\":[15038,37220,46440,61840]}\n>chat \u2606Lord Rekkuza|Glhf\n>chat \u2606XYZ15|same\n>p1 move uturn\n>p2 switch 5\n>p1 switch 3\n>p1 move dualwingbeat dynamax\n>p2 switch 2\n>p1 move closecombat dynamax\n>p2 move bravebird dynamax\n>p1 move closecombat dynamax\n>p2 move bravebird dynamax\n>p1 switch 5\n>p1 move thunderbolt\n>p2 move bulkup dynamax\n>p1 move thunderbolt\n>p2 switch 5\n>p1 move triattack\n>p2 move voltswitch\n>p2 switch 2\n>p1 move triattack\n>p2 move wish\n>p2 switch 2\n>p1 switch 3\n>p2 move thunderbolt\n>p1 move uturn\n>p2 move voltswitch\n>p1 switch 4\n>p2 switch 4\n>p1 switch 2\n>p2 move dragondance\n>p1 move gigadrain\n>p2 switch 5\n>p1 move shellsmash\n>p2 move bravebird\n>p1 move shadowball\n>p2 move roost\n>p2 switch 3\n>p1 move shadowball\n>p2 move ironhead\n>p2 switch 4\n>p1 move shadowball\n>p2 move thunderbolt\n>p2 switch 6\n>p1 move shadowball\n>p2 move throatchop\n>p2 switch 5\n>p1 move gigadrain\n>p2 move earthquake", "uploadtime": 1685135777, "views": 9, "p1id": "xyz15", "p2id": "lordrekkuza", "formatid": "gen8randombattle", "rating": 0, "private": 0, "password": ""}