{"id": "gen8randombattle-1872066793", "p1": "yes or no my dude\u2740", "p2": "Bigwubben", "format": "[Gen 8] Random Battle", "log": "|j|\u2606yes or no my dude\u2740\n|j|\u2606Bigwubben\n|t:|1685171881\n|gametype|singles\n|player|p1|yes or no my dude\u2740|#rbtt6teamchienpaof|\n|player|p2|Bigwubben|102|\n|teamsize|p1|6\n|teamsize|p2|6\n|gen|8\n|tier|[Gen 8] Random Battle\n|rule|Species Clause: Limit one of each Pok\u00e9mon\n|rule|HP Percentage Mod: HP is shown in percentages\n|rule|Sleep Clause Mod: Limit one foe put to sleep\n|\n|t:|1685171881\n|start\n|switch|p1a: Rhyperior|Rhyperior, L82, M|323/323\n|switch|p2a: Barbaracle|Barbaracle, L80, M|246/246\n|turn|1\n|inactive|Battle timer is ON: inactive players will automatically lose when time's up. (requested by yes or no my dude\u2740)\n|c|\u2606yes or no my dude\u2740|gl hf\n|c|\u2606Bigwubben|gl\n|\n|t:|1685171908\n|move|p2a: Barbaracle|Liquidation|p1a: Rhyperior\n|-supereffective|p1a: Rhyperior\n|-damage|p1a: Rhyperior|62/323\n|move|p1a: Rhyperior|Earthquake|p2a: Barbaracle\n|-supereffective|p2a: Barbaracle\n|-damage|p2a: Barbaracle|0 fnt\n|faint|p2a: Barbaracle\n|\n|upkeep\n|\n|t:|1685171932\n|switch|p2a: Scyther|Scyther, L81, M|246/246\n|turn|2\n|\n|t:|1685171956\n|switch|p1a: Crobat|Crobat, L82, F|274/274\n|move|p2a: Scyther|Brick Break|p1a: Crobat\n|-resisted|p1a: Crobat\n|-crit|p1a: Crobat\n|-damage|p1a: Crobat|251/274\n|\n|upkeep\n|turn|3\n|inactive|Bigwubben has 270 seconds left.\n|\n|t:|1685171997\n|switch|p2a: Mamoswine|Mamoswine, L80, F|307/307\n|move|p1a: Crobat|Brave Bird|p2a: Mamoswine\n|-damage|p2a: Mamoswine|181/307\n|-damage|p1a: Crobat|209/274|[from] Recoil\n|\n|upkeep\n|turn|4\n|inactive|yes or no my dude\u2740 has 270 seconds left.\n|\n|t:|1685172023\n|switch|p1a: Rhyperior|Rhyperior, L82, M|62/323\n|move|p2a: Mamoswine|Stealth Rock|p1a: Rhyperior\n|-sidestart|p1: yes or no my dude\u2740|move: Stealth Rock\n|\n|upkeep\n|turn|5\n|inactive|yes or no my dude\u2740 has 270 seconds left.\n|\n|t:|1685172044\n|move|p2a: Mamoswine|Ice Shard|p1a: Rhyperior\n|-supereffective|p1a: Rhyperior\n|-damage|p1a: Rhyperior|0 fnt\n|faint|p1a: Rhyperior\n|-damage|p2a: Mamoswine|151/307|[from] item: Life Orb\n|\n|upkeep\n|inactive|yes or no my dude\u2740 has 270 seconds left.\n|\n|t:|1685172050\n|switch|p1a: Scizor|Scizor, L80, F|243/243\n|-damage|p1a: Scizor|213/243|[from] Stealth Rock\n|turn|6\n|\n|t:|1685172067\n|move|p2a: Mamoswine|Earthquake|p1a: Scizor\n|-damage|p1a: Scizor|73/243\n|-damage|p2a: Mamoswine|121/307|[from] item: Life Orb\n|move|p1a: Scizor|Swords Dance|p1a: Scizor\n|-boost|p1a: Scizor|atk|2\n|\n|upkeep\n|turn|7\n|\n|t:|1685172076\n|move|p1a: Scizor|Bullet Punch|p2a: Mamoswine\n|-supereffective|p2a: Mamoswine\n|-damage|p2a: Mamoswine|0 fnt\n|faint|p2a: Mamoswine\n|-damage|p1a: Scizor|49/243|[from] item: Life Orb\n|\n|upkeep\n|\n|t:|1685172094\n|switch|p2a: Victini|Victini, L78|283/283\n|turn|8\n|\n|t:|1685172104\n|move|p1a: Scizor|Bullet Punch|p2a: Victini\n|-resisted|p2a: Victini\n|-damage|p2a: Victini|187/283\n|-damage|p1a: Scizor|25/243|[from] item: Life Orb\n|move|p2a: Victini|V-create|p1a: Scizor\n|-supereffective|p1a: Scizor\n|-damage|p1a: Scizor|0 fnt\n|-unboost|p2a: Victini|spe|1\n|-unboost|p2a: Victini|def|1\n|-unboost|p2a: Victini|spd|1\n|faint|p1a: Scizor\n|\n|upkeep\n|\n|t:|1685172107\n|switch|p1a: Yveltal|Yveltal, L69|287/287\n|-damage|p1a: Yveltal|216/287|[from] Stealth Rock\n|-ability|p1a: Yveltal|Dark Aura\n|turn|9\n|c|\u2606yes or no my dude\u2740|u might have clicked the wrong max water move last game\n|\n|t:|1685172133\n|move|p1a: Yveltal|Knock Off|p2a: Victini\n|-supereffective|p2a: Victini\n|-damage|p2a: Victini|0 fnt\n|-enditem|p2a: Victini|Assault Vest|[from] move: Knock Off|[of] p1a: Yveltal\n|faint|p2a: Victini\n|\n|upkeep\n|c|\u2606yes or no my dude\u2740|if you clicked max flip turn it died\n|inactive|Bigwubben has 240 seconds left.\n|c|\u2606yes or no my dude\u2740|to answer your question\n|c|\u2606Bigwubben|ahh thanks\n|inactive|Bigwubben has 210 seconds left.\n|\n|t:|1685172183\n|switch|p2a: Exeggutor|Exeggutor-Alola, L87, F|307/307\n|-item|p1a: Yveltal|Assault Vest|[from] ability: Frisk|[of] p2a: Exeggutor|[identify]\n|turn|10\n|inactive|Bigwubben has 210 seconds left.\n|\n|t:|1685172211\n|move|p1a: Yveltal|Oblivion Wing|p2a: Exeggutor\n|-supereffective|p2a: Exeggutor\n|-damage|p2a: Exeggutor|137/307\n|-heal|p1a: Yveltal|287/287|[from] drain|[of] p2a: Exeggutor\n|move|p2a: Exeggutor|Draco Meteor|p1a: Yveltal\n|-damage|p1a: Yveltal|80/287\n|-unboost|p2a: Exeggutor|spa|2\n|\n|upkeep\n|turn|11\n|\n|t:|1685172230\n|switch|p2a: Scyther|Scyther, L81, M|246/246\n|move|p1a: Yveltal|Oblivion Wing|p2a: Scyther\n|-supereffective|p2a: Scyther\n|-damage|p2a: Scyther|76/246\n|-heal|p1a: Yveltal|208/287|[from] drain|[of] p2a: Scyther\n|\n|upkeep\n|turn|12\n|inactive|Bigwubben has 180 seconds left.\n|\n|t:|1685172245\n|move|p2a: Scyther|Dual Wingbeat|p1a: Yveltal\n|-damage|p1a: Yveltal|138/287\n|-damage|p1a: Yveltal|66/287\n|-hitcount|p1a: Yveltal|2\n|move|p1a: Yveltal|Oblivion Wing|p2a: Scyther\n|-supereffective|p2a: Scyther\n|-damage|p2a: Scyther|0 fnt\n|-heal|p1a: Yveltal|123/287|[from] drain|[of] p2a: Scyther\n|faint|p2a: Scyther\n|\n|upkeep\n|inactive|Bigwubben has 180 seconds left.\n|\n|t:|1685172268\n|switch|p2a: Beheeyem|Beheeyem, L86, F|269/269\n|turn|13\n|\n|t:|1685172278\n|move|p1a: Yveltal|Knock Off|p2a: Beheeyem\n|-supereffective|p2a: Beheeyem\n|-damage|p2a: Beheeyem|9/269\n|-enditem|p2a: Beheeyem|Life Orb|[from] move: Knock Off|[of] p1a: Yveltal\n|move|p2a: Beheeyem|Trick Room|p2a: Beheeyem\n|-fieldstart|move: Trick Room|[of] p2a: Beheeyem\n|\n|upkeep\n|turn|14\n|\n|t:|1685172290\n|move|p1a: Yveltal|Sucker Punch|p2a: Beheeyem\n|-supereffective|p2a: Beheeyem\n|-damage|p2a: Beheeyem|0 fnt\n|faint|p2a: Beheeyem\n|\n|upkeep\n|\n|t:|1685172296\n|switch|p2a: Exeggutor|Exeggutor-Alola, L87, F|137/307\n|-item|p1a: Yveltal|Assault Vest|[from] ability: Frisk|[of] p2a: Exeggutor|[identify]\n|turn|15\n|\n|t:|1685172309\n|-start|p2a: Exeggutor|Dynamax|\n|-heal|p2a: Exeggutor|274/614|[silent]\n|move|p1a: Yveltal|Sucker Punch|p2a: Exeggutor\n|-damage|p2a: Exeggutor|193/614\n|move|p2a: Exeggutor|Max Wyrmwind|p1a: Yveltal\n|-damage|p1a: Yveltal|0 fnt\n|faint|p1a: Yveltal\n|\n|upkeep\n|\n|t:|1685172317\n|switch|p1a: Dubwool|Dubwool, L86, M|264/264\n|-damage|p1a: Dubwool|231/264|[from] Stealth Rock\n|turn|16\n|inactive|Bigwubben has 180 seconds left.\n|\n|t:|1685172327\n|move|p2a: Exeggutor|Max Overgrowth|p1a: Dubwool\n|-damage|p1a: Dubwool|71/264\n|-fieldstart|move: Grassy Terrain\n|move|p1a: Dubwool|Body Press|p2a: Exeggutor\n|-damage|p2a: Exeggutor|131/614\n|\n|-heal|p2a: Exeggutor|150/614|[from] Grassy Terrain\n|-heal|p1a: Dubwool|87/264|[from] Grassy Terrain\n|-heal|p1a: Dubwool|103/264|[from] item: Leftovers\n|upkeep\n|turn|17\n|inactive|Bigwubben has 180 seconds left.\n|c|\u2606yes or no my dude\u2740|gg\n|\n|t:|1685172341\n|move|p2a: Exeggutor|Max Overgrowth|p1a: Dubwool\n|-damage|p1a: Dubwool|0 fnt\n|faint|p1a: Dubwool\n|\n|-heal|p2a: Exeggutor|169/614|[from] Grassy Terrain\n|-fieldend|move: Trick Room\n|upkeep\n|\n|t:|1685172345\n|switch|p1a: Crobat|Crobat, L82, F|209/274\n|-end|p2a: Exeggutor|Dynamax\n|-heal|p2a: Exeggutor|85/307|[silent]\n|turn|18\n|inactive|Bigwubben has 180 seconds left.\n|\n|t:|1685172355\n|move|p1a: Crobat|Brave Bird|p2a: Exeggutor\n|-supereffective|p2a: Exeggutor\n|-damage|p2a: Exeggutor|0 fnt\n|faint|p2a: Exeggutor\n|-damage|p1a: Crobat|181/274|[from] Recoil\n|\n|win|yes or no my dude\u2740\n|c|\u2606Bigwubben|gg\n|c|\u2606Bigwubben|gl\n|c|\u2606yes or no my dude\u2740|ty\n|l|\u2606Bigwubben\n", "inputlog": ">version d74822bbc74c095aa312053f7034baee3068d99e\n>start {\"formatid\":\"gen8randombattle\",\"seed\":[53504,39419,53589,15406]}\n>player p1 {\"name\":\"yes or no my dude\u2740\",\"avatar\":\"#rbtt6teamchienpaof\",\"rating\":0,\"seed\":[36032,37004,10325,55073]}\n>player p2 {\"name\":\"Bigwubben\",\"avatar\":\"102\",\"rating\":0,\"seed\":[32502,41308,2852,54644]}\n>chat \u2606yes or no my dude\u2740|gl hf\n>chat \u2606Bigwubben|gl\n>p1 move earthquake\n>p2 move liquidation\n>p2 switch 4\n>p1 switch 3\n>p2 move brickbreak\n>p1 move bravebird\n>p2 switch 2\n>p1 switch 3\n>p2 move stealthrock\n>p1 move earthquake\n>p2 move iceshard\n>p1 switch 4\n>p1 move swordsdance\n>p2 move earthquake\n>p1 move bulletpunch\n>p2 move earthquake\n>p2 switch 5\n>p1 move bulletpunch\n>p2 move vcreate\n>p1 switch 5\n>chat \u2606yes or no my dude\u2740|u might have clicked the wrong max water move last game\n>p1 move knockoff\n>p2 move uturn\n>chat \u2606yes or no my dude\u2740|if you clicked max flip turn it died\n>chat \u2606yes or no my dude\u2740|to answer your question\n>chat \u2606Bigwubben|ahh thanks\n>p2 switch 6\n>p1 move oblivionwing\n>p2 move dracometeor\n>p1 move oblivionwing\n>p2 switch 2\n>p1 move oblivionwing\n>p2 move dualwingbeat\n>p2 switch 3\n>p1 move knockoff\n>p2 move trickroom\n>p1 move suckerpunch\n>p2 move thunderbolt\n>p2 switch 2\n>p1 move suckerpunch\n>p2 move dracometeor dynamax\n>p1 switch 6\n>p1 move bodypress\n>p2 move gigadrain dynamax\n>chat \u2606yes or no my dude\u2740|gg\n>p1 move bodypress\n>p2 move gigadrain dynamax\n>p1 switch 3\n>p1 move bravebird\n>p2 move dracometeor", "uploadtime": 1685172461, "views": 9, "p1id": "yesornomydude", "p2id": "bigwubben", "formatid": "gen8randombattle", "rating": 0, "private": 0, "password": ""}