{"id": "gen8randombattle-1873442659", "p1": "SpongeOde", "p2": "cheng5556666", "format": "[Gen 8] Random Battle", "log": "|j|\u2606SpongeOde\n|j|\u2606cheng5556666\n|t:|1685377406\n|gametype|singles\n|player|p1|SpongeOde|rood|1258\n|player|p2|cheng5556666|nate|1203\n|teamsize|p1|6\n|teamsize|p2|6\n|gen|8\n|tier|[Gen 8] Random Battle\n|rated|\n|rule|Species Clause: Limit one of each Pok\u00e9mon\n|rule|HP Percentage Mod: HP is shown in percentages\n|rule|Sleep Clause Mod: Limit one foe put to sleep\n|\n|t:|1685377406\n|start\n|switch|p1a: Aromatisse|Aromatisse, L88, F|321/321\n|switch|p2a: Kingdra|Kingdra, L82, M|257/257\n|turn|1\n|inactive|Battle timer is ON: inactive players will automatically lose when time's up. (requested by cheng5556666)\n|\n|t:|1685377432\n|switch|p2a: Skarmory|Skarmory, L80, M|235/235\n|move|p1a: Aromatisse|Toxic|p2a: Skarmory\n|-immune|p2a: Skarmory\n|\n|upkeep\n|turn|2\n|inactive|SpongeOde has 120 seconds left.\n|\n|t:|1685377469\n|switch|p1a: Dugtrio|Dugtrio, L82, M|192/192\n|move|p2a: Skarmory|Spikes|p1a: Dugtrio\n|-sidestart|p1: SpongeOde|Spikes\n|\n|upkeep\n|turn|3\n|inactive|SpongeOde has 120 seconds left.\n|\n|t:|1685377486\n|move|p1a: Dugtrio|Memento|p2a: Skarmory\n|-unboost|p2a: Skarmory|atk|2\n|-unboost|p2a: Skarmory|spa|2\n|faint|p1a: Dugtrio\n|move|p2a: Skarmory|Spikes|p1: Dugtrio\n|-sidestart|p1: SpongeOde|Spikes\n|\n|upkeep\n|\n|t:|1685377498\n|switch|p1a: Mamoswine|Mamoswine, L80, M|307/307\n|-damage|p1a: Mamoswine|256/307|[from] Spikes\n|turn|4\n|\n|t:|1685377509\n|move|p1a: Mamoswine|Icicle Crash|p2a: Skarmory\n|-damage|p2a: Skarmory|123/235\n|move|p2a: Skarmory|Spikes|p1a: Mamoswine\n|-sidestart|p1: SpongeOde|Spikes\n|\n|-heal|p2a: Skarmory|137/235|[from] item: Leftovers\n|upkeep\n|turn|5\n|inactive|SpongeOde has 120 seconds left.\n|\n|t:|1685377522\n|switch|p2a: Kingdra|Kingdra, L82, M|257/257\n|move|p1a: Mamoswine|Icicle Crash|p2a: Kingdra\n|-damage|p2a: Kingdra|116/257\n|\n|upkeep\n|turn|6\n|\n|t:|1685377532\n|move|p2a: Kingdra|Flip Turn|p1a: Mamoswine\n|-supereffective|p1a: Mamoswine\n|-damage|p1a: Mamoswine|128/307\n|\n|t:|1685377553\n|switch|p2a: Mesprit|Mesprit, L84|272/272|[from] Flip Turn\n|move|p1a: Mamoswine|Icicle Crash|p2a: Mesprit\n|-damage|p2a: Mesprit|143/272\n|\n|-heal|p2a: Mesprit|160/272|[from] item: Leftovers\n|upkeep\n|turn|7\n|\n|t:|1685377563\n|move|p2a: Mesprit|Energy Ball|p1a: Mamoswine\n|-supereffective|p1a: Mamoswine\n|-damage|p1a: Mamoswine|0 fnt\n|faint|p1a: Mamoswine\n|\n|-heal|p2a: Mesprit|177/272|[from] item: Leftovers\n|upkeep\n|\n|t:|1685377576\n|switch|p1a: Skuntank|Skuntank, L85, M|314/314\n|-damage|p1a: Skuntank|236/314|[from] Spikes\n|turn|8\n|\n|t:|1685377596\n|switch|p2a: Kingdra|Kingdra, L82, M|116/257\n|move|p1a: Skuntank|Crunch|p2a: Kingdra\n|-damage|p2a: Kingdra|38/257\n|\n|-heal|p1a: Skuntank|255/314|[from] item: Black Sludge\n|upkeep\n|turn|9\n|\n|t:|1685377606\n|move|p1a: Skuntank|Crunch|p2a: Kingdra\n|-damage|p2a: Kingdra|0 fnt\n|faint|p2a: Kingdra\n|\n|-heal|p1a: Skuntank|274/314|[from] item: Black Sludge\n|upkeep\n|\n|t:|1685377616\n|switch|p2a: Electivire|Electivire, L82, M|257/257\n|turn|10\n|\n|t:|1685377624\n|move|p2a: Electivire|Cross Chop|p1a: Skuntank|[miss]\n|-miss|p2a: Electivire|p1a: Skuntank\n|move|p1a: Skuntank|Toxic|p2a: Electivire\n|-status|p2a: Electivire|tox\n|\n|-heal|p1a: Skuntank|293/314|[from] item: Black Sludge\n|-damage|p2a: Electivire|241/257 tox|[from] psn\n|upkeep\n|turn|11\n|\n|t:|1685377652\n|switch|p1a: Aromatisse|Aromatisse, L88, F|321/321\n|-damage|p1a: Aromatisse|241/321|[from] Spikes\n|move|p2a: Electivire|Cross Chop|p1a: Aromatisse\n|-resisted|p1a: Aromatisse\n|-crit|p1a: Aromatisse\n|-damage|p1a: Aromatisse|157/321\n|-damage|p2a: Electivire|216/257 tox|[from] item: Life Orb\n|\n|-heal|p1a: Aromatisse|177/321|[from] item: Leftovers\n|-damage|p2a: Electivire|184/257 tox|[from] psn\n|upkeep\n|turn|12\n|inactive|SpongeOde has 120 seconds left.\n|\n|t:|1685377672\n|move|p2a: Electivire|Volt Switch|p1a: Aromatisse\n|-damage|p1a: Aromatisse|99/321\n|-damage|p2a: Electivire|159/257 tox|[from] item: Life Orb\n|\n|t:|1685377684\n|switch|p2a: Skarmory|Skarmory, L80, M|137/235|[from] Volt Switch\n|move|p1a: Aromatisse|Wish|p1a: Aromatisse\n|\n|-heal|p2a: Skarmory|151/235|[from] item: Leftovers\n|-heal|p1a: Aromatisse|119/321|[from] item: Leftovers\n|upkeep\n|turn|13\n|inactive|SpongeOde has 120 seconds left.\n|\n|t:|1685377694\n|move|p1a: Aromatisse|Protect|p1a: Aromatisse\n|-singleturn|p1a: Aromatisse|Protect\n|move|p2a: Skarmory|Whirlwind|p1a: Aromatisse\n|drag|p1a: Skuntank|Skuntank, L85, M|293/314\n|-damage|p1a: Skuntank|215/314|[from] Spikes\n|\n|-heal|p1a: Skuntank|314/314|[from] move: Wish|[wisher] Aromatisse\n|-heal|p2a: Skarmory|165/235|[from] item: Leftovers\n|upkeep\n|turn|14\n|inactive|SpongeOde has 120 seconds left.\n|\n|t:|1685377710\n|switch|p1a: Dubwool|Dubwool, L86, F|264/264\n|-damage|p1a: Dubwool|198/264|[from] Spikes\n|move|p2a: Skarmory|Roost|p2a: Skarmory\n|-heal|p2a: Skarmory|235/235\n|-singleturn|p2a: Skarmory|move: Roost\n|\n|-heal|p1a: Dubwool|214/264|[from] item: Leftovers\n|upkeep\n|turn|15\n|inactive|SpongeOde has 120 seconds left.\n|\n|t:|1685377724\n|move|p1a: Dubwool|Cotton Guard|p1a: Dubwool\n|-boost|p1a: Dubwool|def|3\n|move|p2a: Skarmory|Whirlwind|p1a: Dubwool\n|drag|p1a: Aromatisse|Aromatisse, L88, F|119/321\n|-damage|p1a: Aromatisse|39/321|[from] Spikes\n|\n|-heal|p1a: Aromatisse|59/321|[from] item: Leftovers\n|upkeep\n|turn|16\n|inactive|SpongeOde has 120 seconds left.\n|\n|t:|1685377742\n|move|p1a: Aromatisse|Protect|p1a: Aromatisse\n|-singleturn|p1a: Aromatisse|Protect\n|move|p2a: Skarmory|Whirlwind|p1a: Aromatisse\n|drag|p1a: Alakazam|Alakazam, L78, F|214/214\n|\n|upkeep\n|turn|17\n|\n|t:|1685377759\n|switch|p2a: Trevenant|Trevenant, L86, M|286/286\n|move|p1a: Alakazam|Focus Blast|p2a: Trevenant\n|-immune|p2a: Trevenant\n|\n|upkeep\n|turn|18\n|\n|t:|1685377773\n|move|p1a: Alakazam|Shadow Ball|p2a: Trevenant\n|-supereffective|p2a: Trevenant\n|-damage|p2a: Trevenant|107/286\n|move|p2a: Trevenant|Earthquake|p1a: Alakazam\n|-damage|p1a: Alakazam|5/214\n|\n|upkeep\n|turn|19\n|\n|t:|1685377783\n|switch|p2a: Skarmory|Skarmory, L80, M|235/235\n|move|p1a: Alakazam|Shadow Ball|p2a: Skarmory\n|-damage|p2a: Skarmory|140/235\n|\n|-heal|p2a: Skarmory|154/235|[from] item: Leftovers\n|upkeep\n|turn|20\n|\n|t:|1685377796\n|move|p1a: Alakazam|Focus Blast|p2a: Skarmory|[miss]\n|-miss|p1a: Alakazam|p2a: Skarmory\n|move|p2a: Skarmory|Whirlwind|p1a: Alakazam\n|drag|p1a: Aromatisse|Aromatisse, L88, F|59/321\n|-damage|p1a: Aromatisse|0 fnt|[from] Spikes\n|faint|p1a: Aromatisse\n|\n|-heal|p2a: Skarmory|168/235|[from] item: Leftovers\n|upkeep\n|\n|t:|1685377811\n|switch|p1a: Dubwool|Dubwool, L86, F|214/264\n|-damage|p1a: Dubwool|148/264|[from] Spikes\n|turn|21\n|\n|t:|1685377817\n|-start|p1a: Dubwool|Dynamax|\n|-heal|p1a: Dubwool|296/528|[silent]\n|move|p1a: Dubwool|Max Knuckle|p2a: Skarmory\n|-damage|p2a: Skarmory|133/235\n|-boost|p1a: Dubwool|atk|1\n|move|p2a: Skarmory|Whirlwind|p1a: Dubwool\n|-block|p1a: Dubwool|Dynamax\n|\n|-heal|p1a: Dubwool|312/528|[from] item: Leftovers\n|-heal|p2a: Skarmory|147/235|[from] item: Leftovers\n|upkeep\n|turn|22\n|\n|t:|1685377834\n|switch|p2a: Mesprit|Mesprit, L84|177/272\n|move|p1a: Dubwool|Max Knuckle|p2a: Mesprit\n|-resisted|p2a: Mesprit\n|-damage|p2a: Mesprit|148/272\n|-boost|p1a: Dubwool|atk|1\n|\n|-heal|p1a: Dubwool|328/528|[from] item: Leftovers\n|-heal|p2a: Mesprit|165/272|[from] item: Leftovers\n|upkeep\n|turn|23\n|\n|t:|1685377848\n|move|p1a: Dubwool|Max Knuckle|p2a: Mesprit\n|-resisted|p2a: Mesprit\n|-damage|p2a: Mesprit|126/272\n|-boost|p1a: Dubwool|atk|1\n|move|p2a: Mesprit|Stealth Rock|p1a: Dubwool\n|-sidestart|p1: SpongeOde|move: Stealth Rock\n|\n|-heal|p1a: Dubwool|344/528|[from] item: Leftovers\n|-heal|p2a: Mesprit|143/272|[from] item: Leftovers\n|upkeep\n|-end|p1a: Dubwool|Dynamax\n|-heal|p1a: Dubwool|172/264|[silent]\n|turn|24\n|\n|t:|1685377866\n|move|p1a: Dubwool|Body Press|p2a: Mesprit\n|-resisted|p2a: Mesprit\n|-damage|p2a: Mesprit|117/272\n|move|p2a: Mesprit|U-turn|p1a: Dubwool\n|-damage|p1a: Dubwool|123/264\n|\n|t:|1685377873\n|switch|p2a: Skarmory|Skarmory, L80, M|147/235|[from] U-turn\n|\n|-heal|p1a: Dubwool|139/264|[from] item: Leftovers\n|-heal|p2a: Skarmory|161/235|[from] item: Leftovers\n|upkeep\n|turn|25\n|\n|t:|1685377881\n|move|p1a: Dubwool|Body Press|p2a: Skarmory\n|-damage|p2a: Skarmory|118/235\n|move|p2a: Skarmory|Whirlwind|p1a: Dubwool\n|drag|p1a: Skuntank|Skuntank, L85, M|314/314\n|-damage|p1a: Skuntank|236/314|[from] Spikes\n|-damage|p1a: Skuntank|197/314|[from] Stealth Rock\n|\n|-heal|p1a: Skuntank|216/314|[from] item: Black Sludge\n|-heal|p2a: Skarmory|132/235|[from] item: Leftovers\n|upkeep\n|turn|26\n|inactive|SpongeOde has 120 seconds left.\n|\n|t:|1685377902\n|move|p1a: Skuntank|Crunch|p2a: Skarmory\n|-damage|p2a: Skarmory|68/235\n|move|p2a: Skarmory|Roost|p2a: Skarmory\n|-heal|p2a: Skarmory|186/235\n|-singleturn|p2a: Skarmory|move: Roost\n|\n|-heal|p1a: Skuntank|235/314|[from] item: Black Sludge\n|-heal|p2a: Skarmory|200/235|[from] item: Leftovers\n|upkeep\n|turn|27\n|\n|t:|1685377913\n|move|p1a: Skuntank|Crunch|p2a: Skarmory\n|-damage|p2a: Skarmory|134/235\n|move|p2a: Skarmory|Whirlwind|p1a: Skuntank\n|drag|p1a: Dubwool|Dubwool, L86, F|139/264\n|-damage|p1a: Dubwool|73/264|[from] Spikes\n|-damage|p1a: Dubwool|40/264|[from] Stealth Rock\n|\n|-heal|p1a: Dubwool|56/264|[from] item: Leftovers\n|-heal|p2a: Skarmory|148/235|[from] item: Leftovers\n|upkeep\n|turn|28\n|\n|t:|1685377926\n|move|p1a: Dubwool|Rest|p1a: Dubwool\n|-status|p1a: Dubwool|slp|[from] move: Rest\n|-heal|p1a: Dubwool|264/264 slp|[silent]\n|move|p2a: Skarmory|Roost|p2a: Skarmory\n|-heal|p2a: Skarmory|235/235\n|-singleturn|p2a: Skarmory|move: Roost\n|\n|upkeep\n|turn|29\n|\n|t:|1685377936\n|cant|p1a: Dubwool|slp\n|move|p1a: Dubwool|Sleep Talk|p1a: Dubwool\n|move|p1a: Dubwool|Body Press|p2a: Skarmory|[from]move: Sleep Talk\n|-damage|p2a: Skarmory|189/235\n|move|p2a: Skarmory|Whirlwind|p1a: Dubwool\n|drag|p1a: Skuntank|Skuntank, L85, M|235/314\n|-damage|p1a: Skuntank|157/314|[from] Spikes\n|-damage|p1a: Skuntank|118/314|[from] Stealth Rock\n|\n|-heal|p1a: Skuntank|137/314|[from] item: Black Sludge\n|-heal|p2a: Skarmory|203/235|[from] item: Leftovers\n|upkeep\n|turn|30\n|\n|t:|1685377952\n|move|p1a: Skuntank|Taunt|p2a: Skarmory\n|-start|p2a: Skarmory|move: Taunt\n|cant|p2a: Skarmory|move: Taunt|Whirlwind\n|\n|-heal|p1a: Skuntank|156/314|[from] item: Black Sludge\n|-heal|p2a: Skarmory|217/235|[from] item: Leftovers\n|upkeep\n|turn|31\n|\n|t:|1685377974\n|switch|p2a: Trevenant|Trevenant, L86, M|107/286\n|move|p1a: Skuntank|Crunch|p2a: Trevenant\n|-supereffective|p2a: Trevenant\n|-damage|p2a: Trevenant|0 fnt\n|faint|p2a: Trevenant\n|\n|-heal|p1a: Skuntank|175/314|[from] item: Black Sludge\n|upkeep\n|inactive|cheng5556666 has 120 seconds left.\n|\n|t:|1685377987\n|switch|p2a: Electivire|Electivire, L82, M|159/257 tox\n|turn|32\n|inactive|SpongeOde has 120 seconds left.\n|\n|t:|1685378002\n|move|p2a: Electivire|Volt Switch|p1a: Skuntank\n|-damage|p1a: Skuntank|62/314\n|-damage|p2a: Electivire|134/257 tox|[from] item: Life Orb\n|\n|t:|1685378007\n|switch|p2a: Guzzlord|Guzzlord, L84|512/512|[from] Volt Switch\n|move|p1a: Skuntank|Crunch|p2a: Guzzlord\n|-resisted|p2a: Guzzlord\n|-damage|p2a: Guzzlord|454/512\n|\n|-heal|p1a: Skuntank|81/314|[from] item: Black Sludge\n|upkeep\n|turn|33\n|inactive|SpongeOde has 120 seconds left.\n|\n|t:|1685378019\n|move|p1a: Skuntank|Toxic|p2a: Guzzlord\n|-status|p2a: Guzzlord|tox\n|move|p2a: Guzzlord|Knock Off|p1a: Skuntank\n|-resisted|p1a: Skuntank\n|-damage|p1a: Skuntank|15/314\n|-enditem|p1a: Skuntank|Black Sludge|[from] move: Knock Off|[of] p2a: Guzzlord\n|\n|-damage|p2a: Guzzlord|422/512 tox|[from] psn\n|upkeep\n|turn|34\n|inactive|SpongeOde has 120 seconds left.\n|\n|t:|1685378035\n|move|p1a: Skuntank|Defog|p2a: Guzzlord\n|-unboost|p2a: Guzzlord|evasion|1\n|-sideend|p1: SpongeOde|Spikes|[from] move: Defog|[of] p1a: Skuntank\n|-sideend|p1: SpongeOde|Stealth Rock|[from] move: Defog|[of] p1a: Skuntank\n|move|p2a: Guzzlord|Knock Off|p1a: Skuntank\n|-resisted|p1a: Skuntank\n|-damage|p1a: Skuntank|0 fnt\n|-damage|p2a: Guzzlord|294/512 tox|[from] ability: Aftermath|[of] p1a: Skuntank\n|faint|p1a: Skuntank\n|-ability|p2a: Guzzlord|Beast Boost|boost\n|-boost|p2a: Guzzlord|atk|1\n|\n|-damage|p2a: Guzzlord|230/512 tox|[from] psn\n|upkeep\n|\n|t:|1685378047\n|switch|p1a: Dubwool|Dubwool, L86, F|264/264 slp\n|turn|35\n|\n|t:|1685378052\n|cant|p1a: Dubwool|slp\n|move|p1a: Dubwool|Sleep Talk|p1a: Dubwool\n|move|p1a: Dubwool|Body Press|p2a: Guzzlord|[from]move: Sleep Talk\n|-supereffective|p2a: Guzzlord\n|-crit|p2a: Guzzlord\n|-damage|p2a: Guzzlord|0 fnt\n|faint|p2a: Guzzlord\n|\n|upkeep\n|\n|t:|1685378062\n|switch|p2a: Electivire|Electivire, L82, M|134/257 tox\n|turn|36\n|\n|t:|1685378066\n|-start|p2a: Electivire|Dynamax|\n|-heal|p2a: Electivire|268/514 tox|[silent]\n|move|p2a: Electivire|Max Knuckle|p1a: Dubwool\n|-supereffective|p1a: Dubwool\n|-damage|p1a: Dubwool|108/264 slp\n|-boost|p2a: Electivire|atk|1\n|-damage|p2a: Electivire|243/514 tox|[from] item: Life Orb\n|-curestatus|p1a: Dubwool|slp|[msg]\n|move|p1a: Dubwool|Sleep Talk||[still]\n|-fail|p1a: Dubwool\n|\n|-heal|p1a: Dubwool|124/264|[from] item: Leftovers\n|-damage|p2a: Electivire|227/514 tox|[from] psn\n|upkeep\n|turn|37\n|\n|t:|1685378084\n|move|p2a: Electivire|Max Knuckle|p1a: Dubwool\n|-supereffective|p1a: Dubwool\n|-damage|p1a: Dubwool|0 fnt\n|-boost|p2a: Electivire|atk|1\n|faint|p1a: Dubwool\n|-damage|p2a: Electivire|202/514 tox|[from] item: Life Orb\n|\n|-damage|p2a: Electivire|170/514 tox|[from] psn\n|upkeep\n|\n|t:|1685378094\n|switch|p1a: Alakazam|Alakazam, L78, F|5/214\n|turn|38\n|\n|t:|1685378103\n|move|p1a: Alakazam|Psychic|p2a: Electivire\n|-damage|p2a: Electivire|26/514 tox\n|move|p2a: Electivire|Max Lightning|p1a: Alakazam\n|-damage|p1a: Alakazam|0 fnt\n|-fieldstart|move: Electric Terrain\n|faint|p1a: Alakazam\n|-damage|p2a: Electivire|1/514 tox|[from] item: Life Orb\n|\n|win|cheng5556666\n|raw|SpongeOde's rating: 1258 &rarr; <strong>1229</strong><br />(-29 for losing)\n|raw|cheng5556666's rating: 1203 &rarr; <strong>1232</strong><br />(+29 for winning)\n|l|\u2606SpongeOde\n", "inputlog": ">version 6fec31d5a0d4498a06105aa188c9906bc0b6bf95\n>start {\"formatid\":\"gen8randombattle\",\"seed\":[24282,37106,7381,50150],\"rated\":\"Rated battle\"}\n>player p1 {\"name\":\"SpongeOde\",\"avatar\":\"rood\",\"rating\":1258,\"seed\":[32639,31768,50080,51030]}\n>player p2 {\"name\":\"cheng5556666\",\"avatar\":\"nate\",\"rating\":1203,\"seed\":[16440,51040,53147,21927]}\n>p1 move toxic\n>p2 switch 6\n>p1 switch 4\n>p2 move spikes\n>p1 move memento\n>p2 move spikes\n>p1 switch 2\n>p1 move iciclecrash\n>p2 move spikes\n>p1 move iciclecrash\n>p2 switch 6\n>p1 move iciclecrash\n>p2 move flipturn\n>p2 switch 4\n>p1 move iciclecrash\n>p2 move energyball\n>p1 switch 6\n>p1 move crunch\n>p2 switch 4\n>p1 move crunch\n>p2 move dracometeor\n>p2 switch 2\n>p1 move toxic\n>p2 move crosschop\n>p1 switch 4\n>p2 move crosschop\n>p1 move wish\n>p2 move voltswitch\n>p2 switch 6\n>p1 move protect\n>p2 move whirlwind\n>p1 switch 5\n>p2 move roost\n>p1 move cottonguard\n>p2 move whirlwind\n>p1 move protect\n>p2 move whirlwind\n>p1 move focusblast\n>p2 switch 5\n>p1 move shadowball\n>p2 move earthquake\n>p1 move shadowball\n>p2 switch 5\n>p1 move focusblast\n>p2 move whirlwind\n>p1 switch 4\n>p1 move bodypress dynamax\n>p2 move whirlwind\n>p1 move bodypress dynamax\n>p2 switch 4\n>p1 move bodypress dynamax\n>p2 move stealthrock\n>p1 move bodypress\n>p2 move uturn\n>p2 switch 4\n>p1 move bodypress\n>p2 move whirlwind\n>p1 move crunch\n>p2 move roost\n>p1 move crunch\n>p2 move whirlwind\n>p1 move rest\n>p2 move roost\n>p1 move sleeptalk\n>p2 move whirlwind\n>p1 move taunt\n>p2 move whirlwind\n>p1 move crunch\n>p2 switch 5\n>p2 switch 6\n>p1 move crunch\n>p2 move voltswitch\n>p2 switch 3\n>p1 move toxic\n>p2 move knockoff\n>p1 move defog\n>p2 move knockoff\n>p1 switch 5\n>p1 move sleeptalk\n>p2 move dracometeor\n>p2 switch 3\n>p1 move sleeptalk\n>p2 move crosschop dynamax\n>p1 move cottonguard\n>p2 move crosschop dynamax\n>p1 switch 3\n>p1 move psychic\n>p2 move voltswitch dynamax", "uploadtime": 1685378116, "views": 2, "p1id": "spongeode", "p2id": "cheng5556666", "formatid": "gen8randombattle", "rating": 1229, "private": 0, "password": ""}