{"id": "gen8randombattle-1873967511", "p1": "im bussin", "p2": "Cinderbolt", "format": "[Gen 8] Random Battle", "log": "|j|\u203dim bussin\n|j|\u203dCinderbolt\n|t:|1685450297\n|gametype|singles\n|player|p1|im bussin|lady-gen4|\n|player|p2|Cinderbolt|170|\n|teamsize|p1|6\n|teamsize|p2|6\n|gen|8\n|tier|[Gen 8] Random Battle\n|rule|Species Clause: Limit one of each Pok\u00e9mon\n|rule|HP Percentage Mod: HP is shown in percentages\n|rule|Sleep Clause Mod: Limit one foe put to sleep\n|\n|t:|1685450297\n|start\n|switch|p1a: Gardevoir|Gardevoir, L82, M|246/246\n|switch|p2a: Spiritomb|Spiritomb, L88, F|231/231\n|-ability|p1a: Gardevoir|Infiltrator|[from] ability: Trace|[of] p2a: Spiritomb\n|turn|1\n|inactive|Battle timer is ON: inactive players will automatically lose when time's up. (requested by im bussin)\n|inactive|Cinderbolt also wants the timer to be on.\n|\n|t:|1685450322\n|switch|p1a: Heatmor|Heatmor, L90, F|299/299\n|move|p2a: Spiritomb|Poltergeist|p1a: Heatmor\n|-activate|p1a: Heatmor|move: Poltergeist|Heavy-Duty Boots\n|-damage|p1a: Heatmor|101/299\n|\n|upkeep\n|turn|2\n|\n|t:|1685450331\n|move|p1a: Heatmor|Knock Off|p2a: Spiritomb\n|-damage|p2a: Spiritomb|161/231\n|-enditem|p2a: Spiritomb|Choice Band|[from] move: Knock Off|[of] p1a: Heatmor\n|move|p2a: Spiritomb|Poltergeist|p1a: Heatmor\n|-activate|p1a: Heatmor|move: Poltergeist|Heavy-Duty Boots\n|-damage|p1a: Heatmor|0 fnt\n|faint|p1a: Heatmor\n|\n|upkeep\n|\n|t:|1685450339\n|switch|p1a: Araquanid|Araquanid, L80, M|240/240\n|turn|3\n|\n|t:|1685450349\n|switch|p2a: Cryogonal|Cryogonal, L86|278/278\n|move|p1a: Araquanid|Sticky Web|p2a: Cryogonal\n|-sidestart|p2: Cinderbolt|move: Sticky Web\n|\n|upkeep\n|turn|4\n|\n|t:|1685450354\n|move|p2a: Cryogonal|Toxic|p1a: Araquanid\n|-status|p1a: Araquanid|tox\n|move|p1a: Araquanid|Toxic|p2a: Cryogonal\n|-status|p2a: Cryogonal|tox\n|\n|-damage|p2a: Cryogonal|261/278 tox|[from] psn\n|-damage|p1a: Araquanid|225/240 tox|[from] psn\n|upkeep\n|turn|5\n|\n|t:|1685450359\n|move|p2a: Cryogonal|Freeze-Dry|p1a: Araquanid\n|-supereffective|p1a: Araquanid\n|-damage|p1a: Araquanid|115/240 tox\n|move|p1a: Araquanid|Liquidation|p2a: Cryogonal\n|-damage|p2a: Cryogonal|80/278 tox\n|\n|-damage|p2a: Cryogonal|46/278 tox|[from] psn\n|-damage|p1a: Araquanid|85/240 tox|[from] psn\n|upkeep\n|turn|6\n|\n|t:|1685450367\n|move|p2a: Cryogonal|Rapid Spin|p1a: Araquanid\n|-damage|p1a: Araquanid|62/240 tox\n|-boost|p2a: Cryogonal|spe|1\n|-sideend|p2: Cinderbolt|Sticky Web|[from] move: Rapid Spin|[of] p2a: Cryogonal\n|move|p1a: Araquanid|Liquidation|p2a: Cryogonal\n|-damage|p2a: Cryogonal|0 fnt\n|faint|p2a: Cryogonal\n|\n|-damage|p1a: Araquanid|17/240 tox|[from] psn\n|upkeep\n|\n|t:|1685450378\n|switch|p2a: Hitmonchan|Hitmonchan, L86, M|226/226\n|turn|7\n|\n|t:|1685450384\n|move|p2a: Hitmonchan|Rapid Spin|p1a: Araquanid\n|-damage|p1a: Araquanid|0 fnt\n|-boost|p2a: Hitmonchan|spe|1\n|faint|p1a: Araquanid\n|\n|upkeep\n|\n|t:|1685450388\n|switch|p1a: Gardevoir|Gardevoir, L82, M|246/246\n|-ability|p1a: Gardevoir|Iron Fist|[from] ability: Trace|[of] p2a: Hitmonchan\n|turn|8\n|\n|t:|1685450398\n|switch|p2a: Spiritomb|Spiritomb, L88, F|161/231\n|move|p1a: Gardevoir|Moonblast|p2a: Spiritomb\n|-supereffective|p2a: Spiritomb\n|-damage|p2a: Spiritomb|0 fnt\n|faint|p2a: Spiritomb\n|\n|upkeep\n|\n|t:|1685450404\n|switch|p2a: Aerodactyl|Aerodactyl, L82, F|265/265\n|-ability|p2a: Aerodactyl|Unnerve\n|turn|9\n|\n|t:|1685450423\n|switch|p1a: Klefki|Klefki, L82, M|228/228\n|move|p2a: Aerodactyl|Hone Claws|p2a: Aerodactyl\n|-boost|p2a: Aerodactyl|atk|1\n|-boost|p2a: Aerodactyl|accuracy|1\n|\n|upkeep\n|turn|10\n|\n|t:|1685450433\n|-start|p2a: Aerodactyl|Dynamax|\n|-heal|p2a: Aerodactyl|530/530|[silent]\n|move|p1a: Klefki|Magnet Rise|p1a: Klefki\n|-start|p1a: Klefki|Magnet Rise\n|move|p2a: Aerodactyl|Max Quake|p1a: Klefki\n|-immune|p1a: Klefki\n|\n|upkeep\n|turn|11\n|\n|t:|1685450447\n|move|p1a: Klefki|Spikes|p2a: Aerodactyl\n|-sidestart|p2: Cinderbolt|Spikes\n|move|p2a: Aerodactyl|Max Airstream|p1a: Klefki\n|-resisted|p1a: Klefki\n|-damage|p1a: Klefki|129/228\n|-boost|p2a: Aerodactyl|spe|1\n|\n|-heal|p1a: Klefki|143/228|[from] item: Leftovers\n|upkeep\n|turn|12\n|\n|t:|1685450456\n|move|p2a: Aerodactyl|Max Airstream|p1a: Klefki\n|-resisted|p1a: Klefki\n|-damage|p1a: Klefki|44/228\n|-boost|p2a: Aerodactyl|spe|1\n|move|p1a: Klefki|Play Rough|p2a: Aerodactyl|[miss]\n|-miss|p1a: Klefki|p2a: Aerodactyl\n|\n|-heal|p1a: Klefki|58/228|[from] item: Leftovers\n|upkeep\n|-end|p2a: Aerodactyl|Dynamax\n|-heal|p2a: Aerodactyl|265/265|[silent]\n|turn|13\n|\n|t:|1685450465\n|move|p2a: Aerodactyl|Dual Wingbeat|p1a: Klefki\n|-resisted|p1a: Klefki\n|-damage|p1a: Klefki|26/228\n|-resisted|p1a: Klefki\n|-damage|p1a: Klefki|0 fnt\n|faint|p1a: Klefki\n|-hitcount|p1: Klefki|2\n|\n|upkeep\n|\n|t:|1685450477\n|switch|p1a: Regidrago|Regidrago, L78|440/440\n|turn|14\n|\n|t:|1685450482\n|move|p2a: Aerodactyl|Stone Edge|p1a: Regidrago\n|-damage|p1a: Regidrago|181/440\n|move|p1a: Regidrago|Outrage|p2a: Aerodactyl\n|-damage|p2a: Aerodactyl|51/265\n|\n|upkeep\n|turn|15\n|\n|t:|1685450490\n|move|p2a: Aerodactyl|Dual Wingbeat|p1a: Regidrago\n|-damage|p1a: Regidrago|85/440\n|-damage|p1a: Regidrago|0 fnt\n|faint|p1a: Regidrago\n|-hitcount|p1: Regidrago|2\n|\n|upkeep\n|\n|t:|1685450499\n|switch|p1a: Thundurus|Thundurus-Therian, L80, M|258/258\n|turn|16\n|\n|t:|1685450504\n|move|p2a: Aerodactyl|Stone Edge|p1a: Thundurus\n|-supereffective|p1a: Thundurus\n|-damage|p1a: Thundurus|0 fnt\n|faint|p1a: Thundurus\n|\n|upkeep\n|\n|t:|1685450508\n|switch|p1a: Gardevoir|Gardevoir, L82, M|246/246\n|-ability|p1a: Gardevoir|Unnerve\n|-ability|p1a: Gardevoir|Unnerve|[from] ability: Trace|[of] p2a: Aerodactyl\n|turn|17\n|\n|t:|1685450514\n|-start|p1a: Gardevoir|Dynamax|\n|-heal|p1a: Gardevoir|492/492|[silent]\n|move|p2a: Aerodactyl|Stone Edge|p1a: Gardevoir\n|-damage|p1a: Gardevoir|306/492\n|move|p1a: Gardevoir|Max Mindstorm|p2a: Aerodactyl\n|-damage|p2a: Aerodactyl|0 fnt\n|-fieldstart|move: Psychic Terrain\n|faint|p2a: Aerodactyl\n|\n|upkeep\n|\n|t:|1685450525\n|switch|p2a: Lilligant|Lilligant, L84, F|255/255\n|-damage|p2a: Lilligant|224/255|[from] Spikes\n|turn|18\n|\n|t:|1685450536\n|move|p2a: Lilligant|Quiver Dance|p2a: Lilligant\n|-boost|p2a: Lilligant|spa|1\n|-boost|p2a: Lilligant|spd|1\n|-boost|p2a: Lilligant|spe|1\n|move|p1a: Gardevoir|Max Flare|p2a: Lilligant\n|-supereffective|p2a: Lilligant\n|-damage|p2a: Lilligant|64/255\n|-weather|SunnyDay\n|\n|-weather|SunnyDay|[upkeep]\n|upkeep\n|turn|19\n|\n|t:|1685450544\n|move|p2a: Lilligant|Petal Dance|p1a: Gardevoir\n|-damage|p1a: Gardevoir|75/492\n|-damage|p2a: Lilligant|39/255|[from] item: Life Orb\n|move|p1a: Gardevoir|Max Flare|p2a: Lilligant\n|-supereffective|p2a: Lilligant\n|-damage|p2a: Lilligant|0 fnt\n|faint|p2a: Lilligant\n|\n|-weather|SunnyDay|[upkeep]\n|upkeep\n|\n|t:|1685450564\n|switch|p2a: Hitmonchan|Hitmonchan, L86, M|226/226\n|-damage|p2a: Hitmonchan|198/226|[from] Spikes\n|-end|p1a: Gardevoir|Dynamax\n|-heal|p1a: Gardevoir|38/246|[silent]\n|turn|20\n|\n|t:|1685450572\n|move|p1a: Gardevoir|Psyshock|p2a: Hitmonchan\n|-supereffective|p2a: Hitmonchan\n|-damage|p2a: Hitmonchan|0 fnt\n|faint|p2a: Hitmonchan\n|\n|-weather|SunnyDay|[upkeep]\n|upkeep\n|\n|t:|1685450579\n|switch|p2a: Zapdos|Zapdos-Galar, L76|262/262\n|turn|21\n|\n|t:|1685450586\n|move|p1a: Gardevoir|Psyshock|p2a: Zapdos\n|-supereffective|p2a: Zapdos\n|-damage|p2a: Zapdos|0 fnt\n|faint|p2a: Zapdos\n|\n|win|im bussin\n", "inputlog": ">version 6fec31d5a0d4498a06105aa188c9906bc0b6bf95\n>start {\"formatid\":\"gen8randombattle\",\"seed\":[16728,20711,16573,9531]}\n>player p1 {\"name\":\"im bussin\",\"avatar\":\"lady-gen4\",\"rating\":0,\"seed\":[61358,59244,34332,59900]}\n>player p2 {\"name\":\"Cinderbolt\",\"avatar\":\"170\",\"rating\":0,\"seed\":[25184,5396,14831,19162]}\n>p1 switch 3\n>p2 move poltergeist\n>p1 move knockoff\n>p2 move poltergeist\n>p1 switch 2\n>p1 move stickyweb\n>p2 switch 6\n>p1 move toxic\n>p2 move toxic\n>p1 move liquidation\n>p2 move freezedry\n>p1 move liquidation\n>p2 move rapidspin\n>p2 switch 2\n>p1 move stickyweb\n>p2 move rapidspin\n>p1 switch 3\n>p1 move moonblast\n>p2 switch 6\n>p2 switch 5\n>p1 switch 5\n>p2 move honeclaws\n>p1 move magnetrise\n>p2 move earthquake dynamax\n>p1 move spikes\n>p2 move dualwingbeat dynamax\n>p1 move playrough\n>p2 move dualwingbeat dynamax\n>p1 move playrough\n>p2 move dualwingbeat\n>p1 switch 6\n>p1 move outrage\n>p2 move stoneedge\n>p1 move outrage\n>p2 move dualwingbeat\n>p1 switch 4\n>p1 move grassknot\n>p2 move stoneedge\n>p1 switch 5\n>p1 move psyshock dynamax\n>p2 move stoneedge\n>p2 switch 3\n>p1 move mysticalfire dynamax\n>p2 move quiverdance\n>p1 move mysticalfire dynamax\n>p2 move petaldance\n>p2 switch 6\n>p1 move psyshock\n>p2 move icepunch\n>p2 switch 4\n>p1 move psyshock\n>p2 move closecombat", "uploadtime": 1685450595, "views": 5, "p1id": "imbussin", "p2id": "cinderbolt", "formatid": "gen8randombattle", "rating": 0, "private": 0, "password": ""}