|j|☆hibye721
|j|☆donutplayerisshit
|t:|1685254452
|gametype|singles
|player|p1|hibye721|bugcatcher-gen4dp|
|player|p2|donutplayerisshit|cynthia|
|teamsize|p1|6
|teamsize|p2|6
|gen|8
|tier|[Gen 8] Random Battle
|rule|Species Clause: Limit one of each Pokémon
|rule|HP Percentage Mod: HP is shown in percentages
|rule|Sleep Clause Mod: Limit one foe put to sleep
|
|t:|1685254452
|start
|switch|p1a: Carracosta|Carracosta, L84, M|262/262
|switch|p2a: Tapu Fini|Tapu Fini, L78|237/237
|-fieldstart|move: Misty Terrain|[from] ability: Misty Surge|[of] p2a: Tapu Fini
|turn|1
|
|t:|1685254471
|move|p2a: Tapu Fini|Calm Mind|p2a: Tapu Fini
|-boost|p2a: Tapu Fini|spa|1
|-boost|p2a: Tapu Fini|spd|1
|move|p1a: Carracosta|Shell Smash|p1a: Carracosta
|-unboost|p1a: Carracosta|def|1
|-unboost|p1a: Carracosta|spd|1
|-boost|p1a: Carracosta|atk|2
|-boost|p1a: Carracosta|spa|2
|-boost|p1a: Carracosta|spe|2
|
|upkeep
|turn|2
|
|t:|1685254486
|move|p1a: Carracosta|Stone Edge|p2a: Tapu Fini
|-crit|p2a: Tapu Fini
|-damage|p2a: Tapu Fini|0 fnt
|faint|p2a: Tapu Fini
|
|upkeep
|
|t:|1685254499
|switch|p2a: Shiinotic|Shiinotic, L86, M|243/243
|turn|3
|
|t:|1685254524
|switch|p1a: Lugia|Lugia, L74|279/279
|move|p2a: Shiinotic|Spore|p1a: Lugia
|-status|p1a: Lugia|slp|[from] move: Spore
|
|upkeep
|turn|4
|
|t:|1685254533
|cant|p1a: Lugia|slp
|move|p2a: Shiinotic|Energy Ball|p1a: Lugia
|-resisted|p1a: Lugia
|-damage|p1a: Lugia|263/279 slp
|
|upkeep
|turn|5
|
|t:|1685254541
|cant|p1a: Lugia|slp
|move|p2a: Shiinotic|Moonblast|p1a: Lugia
|-damage|p1a: Lugia|190/279 slp
|
|-fieldend|Misty Terrain
|upkeep
|turn|6
|
|t:|1685254549
|-curestatus|p1a: Lugia|slp|[msg]
|move|p1a: Lugia|Toxic|p2a: Shiinotic
|-status|p2a: Shiinotic|tox
|move|p2a: Shiinotic|Moonblast|p1a: Lugia
|-damage|p1a: Lugia|111/279
|-unboost|p1a: Lugia|spa|1
|
|-damage|p2a: Shiinotic|228/243 tox|[from] psn
|upkeep
|turn|7
|
|t:|1685254558
|move|p1a: Lugia|Roost|p1a: Lugia
|-heal|p1a: Lugia|251/279
|-singleturn|p1a: Lugia|move: Roost
|move|p2a: Shiinotic|Spore|p1a: Lugia
|-status|p1a: Lugia|slp|[from] move: Spore
|
|-heal|p2a: Shiinotic|243/243 tox|[from] item: Leftovers
|-damage|p2a: Shiinotic|213/243 tox|[from] psn
|upkeep
|turn|8
|j| A Borygon
|
|t:|1685254571
|cant|p1a: Lugia|slp
|move|p2a: Shiinotic|Moonblast|p1a: Lugia
|-damage|p1a: Lugia|179/279 slp
|
|-heal|p2a: Shiinotic|228/243 tox|[from] item: Leftovers
|-damage|p2a: Shiinotic|183/243 tox|[from] psn
|upkeep
|turn|9
|
|t:|1685254579
|cant|p1a: Lugia|slp
|move|p2a: Shiinotic|Moonblast|p1a: Lugia
|-damage|p1a: Lugia|110/279 slp
|
|-heal|p2a: Shiinotic|198/243 tox|[from] item: Leftovers
|-damage|p2a: Shiinotic|138/243 tox|[from] psn
|upkeep
|turn|10
|
|t:|1685254618
|switch|p2a: Incineroar|Incineroar, L80, F|283/283
|-ability|p2a: Incineroar|Intimidate|boost
|-unboost|p1a: Lugia|atk|1
|cant|p1a: Lugia|slp
|
|upkeep
|turn|11
|
|t:|1685254632
|-curestatus|p1a: Lugia|slp|[msg]
|move|p1a: Lugia|Roost|p1a: Lugia
|-heal|p1a: Lugia|250/279
|-singleturn|p1a: Lugia|move: Roost
|move|p2a: Incineroar|Knock Off|p1a: Lugia
|-supereffective|p1a: Lugia
|-damage|p1a: Lugia|70/279
|-enditem|p1a: Lugia|Heavy-Duty Boots|[from] move: Knock Off|[of] p2a: Incineroar
|
|upkeep
|turn|12
|
|t:|1685254644
|move|p1a: Lugia|Roost|p1a: Lugia
|-heal|p1a: Lugia|210/279
|-singleturn|p1a: Lugia|move: Roost
|move|p2a: Incineroar|Knock Off|p1a: Lugia
|-supereffective|p1a: Lugia
|-damage|p1a: Lugia|90/279
|
|upkeep
|turn|13
|
|t:|1685254651
|move|p1a: Lugia|Roost|p1a: Lugia
|-heal|p1a: Lugia|230/279
|-singleturn|p1a: Lugia|move: Roost
|move|p2a: Incineroar|Knock Off|p1a: Lugia
|-supereffective|p1a: Lugia
|-damage|p1a: Lugia|104/279
|
|upkeep
|turn|14
|
|t:|1685254658
|move|p1a: Lugia|Roost|p1a: Lugia
|-heal|p1a: Lugia|244/279
|-singleturn|p1a: Lugia|move: Roost
|move|p2a: Incineroar|Knock Off|p1a: Lugia
|-supereffective|p1a: Lugia
|-damage|p1a: Lugia|130/279
|
|upkeep
|turn|15
|
|t:|1685254672
|move|p1a: Lugia|Roost|p1a: Lugia
|-heal|p1a: Lugia|270/279
|-singleturn|p1a: Lugia|move: Roost
|move|p2a: Incineroar|Will-O-Wisp|p1a: Lugia
|-status|p1a: Lugia|brn
|
|-damage|p1a: Lugia|253/279 brn|[from] brn
|upkeep
|turn|16
|
|t:|1685254691
|move|p1a: Lugia|Toxic|p2a: Incineroar
|-status|p2a: Incineroar|tox
|move|p2a: Incineroar|Parting Shot|p1a: Lugia
|-unboost|p1a: Lugia|atk|1
|-unboost|p1a: Lugia|spa|1
|
|t:|1685254711
|switch|p2a: Shiinotic|Shiinotic, L86, M|138/243 tox|[from] Parting Shot
|
|-heal|p2a: Shiinotic|153/243 tox|[from] item: Leftovers
|-damage|p2a: Shiinotic|138/243 tox|[from] psn
|-damage|p1a: Lugia|236/279 brn|[from] brn
|upkeep
|turn|17
|
|t:|1685254723
|switch|p1a: Slurpuff|Slurpuff, L80, M|262/262
|move|p2a: Shiinotic|Spore|p1a: Slurpuff
|-status|p1a: Slurpuff|slp|[from] move: Spore
|
|-heal|p2a: Shiinotic|153/243 tox|[from] item: Leftovers
|-damage|p2a: Shiinotic|123/243 tox|[from] psn
|upkeep
|turn|18
|
|t:|1685254781
|switch|p2a: Talonflame|Talonflame, L81, M|259/259
|cant|p1a: Slurpuff|slp
|
|upkeep
|turn|19
|
|t:|1685254848
|move|p2a: Talonflame|Swords Dance|p2a: Talonflame
|-boost|p2a: Talonflame|atk|2
|cant|p1a: Slurpuff|slp
|
|upkeep
|turn|20
|
|t:|1685254871
|move|p2a: Talonflame|Swords Dance|p2a: Talonflame
|-boost|p2a: Talonflame|atk|2
|-curestatus|p1a: Slurpuff|slp|[msg]
|move|p1a: Slurpuff|Play Rough|p2a: Talonflame
|-resisted|p2a: Talonflame
|-damage|p2a: Talonflame|211/259
|
|upkeep
|turn|21
|
|t:|1685254892
|-start|p1a: Slurpuff|Dynamax|
|-heal|p1a: Slurpuff|524/524|[silent]
|move|p2a: Talonflame|Flare Blitz|p1a: Slurpuff
|-damage|p1a: Slurpuff|172/524
|-enditem|p1a: Slurpuff|Sitrus Berry|[eat]
|-heal|p1a: Slurpuff|237/524|[from] item: Sitrus Berry
|-damage|p2a: Talonflame|95/259|[from] Recoil
|move|p1a: Slurpuff|Max Strike|p2a: Talonflame
|-damage|p2a: Talonflame|17/259
|-unboost|p2a: Talonflame|spe|1
|
|upkeep
|turn|22
|
|t:|1685254909
|-start|p2a: Talonflame|Dynamax|
|-heal|p2a: Talonflame|34/518|[silent]
|move|p1a: Slurpuff|Max Strike|p2a: Talonflame
|-damage|p2a: Talonflame|0 fnt
|faint|p2a: Talonflame
|
|upkeep
|
|t:|1685254931
|switch|p2a: Incineroar|Incineroar, L80, F|283/283 tox
|-ability|p2a: Incineroar|Intimidate|boost
|-unboost|p1a: Slurpuff|atk|1
|turn|23
|
|t:|1685254939
|move|p1a: Slurpuff|Max Starfall|p2a: Incineroar
|-damage|p2a: Incineroar|205/283 tox
|-fieldstart|move: Misty Terrain
|move|p2a: Incineroar|Will-O-Wisp|p1a: Slurpuff|[miss]
|-miss|p2a: Incineroar|p1a: Slurpuff
|
|-damage|p2a: Incineroar|188/283 tox|[from] psn
|upkeep
|-end|p1a: Slurpuff|Dynamax
|-heal|p1a: Slurpuff|119/262|[silent]
|turn|24
|
|t:|1685254958
|move|p1a: Slurpuff|Drain Punch|p2a: Incineroar
|-supereffective|p2a: Incineroar
|-damage|p2a: Incineroar|128/283 tox
|-heal|p1a: Slurpuff|149/262|[from] drain|[of] p2a: Incineroar
|move|p2a: Incineroar|Parting Shot|p1a: Slurpuff
|-unboost|p1a: Slurpuff|atk|1
|-unboost|p1a: Slurpuff|spa|1
|
|t:|1685254966
|switch|p2a: Shiinotic|Shiinotic, L86, M|123/243 tox|[from] Parting Shot
|
|-heal|p2a: Shiinotic|138/243 tox|[from] item: Leftovers
|-damage|p2a: Shiinotic|123/243 tox|[from] psn
|upkeep
|turn|25
|
|t:|1685254985
|move|p1a: Slurpuff|Facade|p2a: Shiinotic
|-damage|p2a: Shiinotic|102/243 tox
|move|p2a: Shiinotic|Spore|p1a: Slurpuff
|-activate|p1a: Slurpuff|move: Misty Terrain
|
|-heal|p2a: Shiinotic|117/243 tox|[from] item: Leftovers
|-damage|p2a: Shiinotic|87/243 tox|[from] psn
|upkeep
|turn|26
|
|t:|1685255011
|switch|p1a: Mewtwo|Mewtwo, L72|272/272
|-ability|p1a: Mewtwo|Unnerve
|move|p2a: Shiinotic|Strength Sap|p1a: Mewtwo
|-unboost|p1a: Mewtwo|atk|1
|-heal|p2a: Shiinotic|243/243 tox
|
|-damage|p2a: Shiinotic|198/243 tox|[from] psn
|upkeep
|turn|27
|
|t:|1685255025
|move|p1a: Mewtwo|Fire Blast|p2a: Shiinotic
|-supereffective|p2a: Shiinotic
|-damage|p2a: Shiinotic|0 fnt
|faint|p2a: Shiinotic
|-damage|p1a: Mewtwo|245/272|[from] item: Life Orb
|
|-fieldend|Misty Terrain
|upkeep
|
|t:|1685255038
|switch|p2a: Incineroar|Incineroar, L80, F|128/283 tox
|-ability|p2a: Incineroar|Intimidate|boost
|-unboost|p1a: Mewtwo|atk|1
|turn|28
|
|t:|1685255061
|switch|p1a: Carracosta|Carracosta, L84, M|262/262
|move|p2a: Incineroar|Parting Shot|p1a: Carracosta
|-unboost|p1a: Carracosta|atk|1
|-unboost|p1a: Carracosta|spa|1
|
|t:|1685255076
|switch|p2a: Latios|Latios, L78, M|253/253|[from] Parting Shot
|
|upkeep
|turn|29
|
|t:|1685255104
|move|p2a: Latios|Calm Mind|p2a: Latios
|-boost|p2a: Latios|spa|1
|-boost|p2a: Latios|spd|1
|move|p1a: Carracosta|Shell Smash|p1a: Carracosta
|-unboost|p1a: Carracosta|def|1
|-unboost|p1a: Carracosta|spd|1
|-boost|p1a: Carracosta|atk|2
|-boost|p1a: Carracosta|spa|2
|-boost|p1a: Carracosta|spe|2
|
|upkeep
|turn|30
|
|t:|1685255118
|move|p2a: Latios|Draco Meteor|p1a: Carracosta
|-damage|p1a: Carracosta|0 fnt
|-unboost|p2a: Latios|spa|2
|faint|p1a: Carracosta
|
|upkeep
|
|t:|1685255128
|switch|p1a: Kingler|Kingler, L84, M|230/230
|turn|31
|
|t:|1685255145
|move|p2a: Latios|Calm Mind|p2a: Latios
|-boost|p2a: Latios|spa|1
|-boost|p2a: Latios|spd|1
|move|p1a: Kingler|Rock Slide|p2a: Latios
|-damage|p2a: Latios|115/253
|
|upkeep
|turn|32
|
|t:|1685255157
|move|p2a: Latios|Roost|p2a: Latios
|-heal|p2a: Latios|242/253
|-singleturn|p2a: Latios|move: Roost
|move|p1a: Kingler|Rock Slide|p2a: Latios
|-damage|p2a: Latios|107/253
|
|upkeep
|turn|33
|
|t:|1685255167
|move|p2a: Latios|Draco Meteor|p1a: Kingler|[miss]
|-miss|p2a: Latios|p1a: Kingler
|move|p1a: Kingler|Swords Dance|p1a: Kingler
|-boost|p1a: Kingler|atk|2
|
|upkeep
|turn|34
|
|t:|1685255174
|move|p2a: Latios|Draco Meteor|p1a: Kingler
|-damage|p1a: Kingler|0 fnt
|-unboost|p2a: Latios|spa|2
|faint|p1a: Kingler
|
|upkeep
|
|t:|1685255180
|switch|p1a: Slurpuff|Slurpuff, L80, M|149/262
|turn|35
|
|t:|1685255212
|switch|p2a: Articuno|Articuno-Galar, L80|275/275
|move|p1a: Slurpuff|Play Rough|p2a: Articuno
|-damage|p2a: Articuno|199/275
|
|upkeep
|turn|36
|
|t:|1685255231
|move|p2a: Articuno|Calm Mind|p2a: Articuno
|-boost|p2a: Articuno|spa|1
|-boost|p2a: Articuno|spd|1
|move|p1a: Slurpuff|Belly Drum|p1a: Slurpuff
|-damage|p1a: Slurpuff|18/262
|-setboost|p1a: Slurpuff|atk|6|[from] move: Belly Drum
|
|upkeep
|turn|37
|
|t:|1685255246
|move|p2a: Articuno|Freezing Glare|p1a: Slurpuff
|-damage|p1a: Slurpuff|0 fnt
|faint|p1a: Slurpuff
|
|upkeep
|
|t:|1685255253
|switch|p1a: Mewtwo|Mewtwo, L72|245/272
|-ability|p1a: Mewtwo|Unnerve
|turn|38
|
|t:|1685255264
|move|p1a: Mewtwo|Nasty Plot|p1a: Mewtwo
|-boost|p1a: Mewtwo|spa|2
|move|p2a: Articuno|Calm Mind|p2a: Articuno
|-boost|p2a: Articuno|spa|1
|-boost|p2a: Articuno|spd|1
|
|upkeep
|turn|39
|
|t:|1685255279
|move|p1a: Mewtwo|Psystrike|p2a: Articuno
|-resisted|p2a: Articuno
|-damage|p2a: Articuno|40/275
|-damage|p1a: Mewtwo|218/272|[from] item: Life Orb
|move|p2a: Articuno|Air Slash|p1a: Mewtwo
|-damage|p1a: Mewtwo|29/272
|
|upkeep
|turn|40
|
|t:|1685255304
|move|p1a: Mewtwo|Psystrike|p2a: Articuno
|-resisted|p2a: Articuno
|-damage|p2a: Articuno|0 fnt
|faint|p2a: Articuno
|-damage|p1a: Mewtwo|2/272|[from] item: Life Orb
|
|upkeep
|
|t:|1685255314
|switch|p2a: Incineroar|Incineroar, L80, F|128/283 tox
|-ability|p2a: Incineroar|Intimidate|boost
|-unboost|p1a: Mewtwo|atk|1
|turn|41
|
|t:|1685255338
|move|p1a: Mewtwo|Psystrike|p2a: Incineroar
|-immune|p2a: Incineroar
|move|p2a: Incineroar|Knock Off|p1a: Mewtwo
|-supereffective|p1a: Mewtwo
|-damage|p1a: Mewtwo|0 fnt
|-enditem|p1a: Mewtwo|Life Orb|[from] move: Knock Off|[of] p2a: Incineroar
|faint|p1a: Mewtwo
|
|-damage|p2a: Incineroar|111/283 tox|[from] psn
|upkeep
|
|t:|1685255345
|switch|p1a: Lycanroc|Lycanroc, L80, F|251/251
|turn|42
|
|t:|1685255360
|switch|p2a: Latios|Latios, L78, M|107/253
|move|p1a: Lycanroc|Stone Edge|p2a: Latios|[miss]
|-miss|p1a: Lycanroc|p2a: Latios
|
|upkeep
|turn|43
|
|t:|1685255378
|move|p1a: Lycanroc|Stone Edge|p2a: Latios|[miss]
|-miss|p1a: Lycanroc|p2a: Latios
|move|p2a: Latios|Roost|p2a: Latios
|-heal|p2a: Latios|234/253
|-singleturn|p2a: Latios|move: Roost
|
|upkeep
|turn|44
|
|t:|1685255389
|move|p1a: Lycanroc|Stone Edge|p2a: Latios
|-damage|p2a: Latios|69/253
|-damage|p1a: Lycanroc|226/251|[from] item: Life Orb
|move|p2a: Latios|Draco Meteor|p1a: Lycanroc
|-damage|p1a: Lycanroc|0 fnt
|-unboost|p2a: Latios|spa|2
|faint|p1a: Lycanroc
|
|upkeep
|
|t:|1685255395
|switch|p1a: Lugia|Lugia, L74|236/279 brn
|turn|45
|
|t:|1685255410
|move|p2a: Latios|Roost|p2a: Latios
|-heal|p2a: Latios|196/253
|-singleturn|p2a: Latios|move: Roost
|move|p1a: Lugia|Substitute|p1a: Lugia
|-start|p1a: Lugia|Substitute
|-damage|p1a: Lugia|167/279 brn
|
|-damage|p1a: Lugia|150/279 brn|[from] brn
|upkeep
|turn|46
|
|t:|1685255419
|move|p2a: Latios|Calm Mind|p2a: Latios
|-boost|p2a: Latios|spa|1
|-boost|p2a: Latios|spd|1
|move|p1a: Lugia|Toxic|p2a: Latios
|-status|p2a: Latios|tox
|
|-damage|p2a: Latios|181/253 tox|[from] psn
|-damage|p1a: Lugia|133/279 brn|[from] brn
|upkeep
|turn|47
|
|t:|1685255432
|move|p2a: Latios|Calm Mind|p2a: Latios
|-boost|p2a: Latios|spa|1
|-boost|p2a: Latios|spd|1
|move|p1a: Lugia|Roost|p1a: Lugia
|-heal|p1a: Lugia|273/279 brn
|-singleturn|p1a: Lugia|move: Roost
|
|-damage|p2a: Latios|151/253 tox|[from] psn
|-damage|p1a: Lugia|256/279 brn|[from] brn
|upkeep
|turn|48
|
|t:|1685255444
|move|p2a: Latios|Roost|p2a: Latios
|-heal|p2a: Latios|253/253 tox
|-singleturn|p2a: Latios|move: Roost
|move|p1a: Lugia|Air Slash|p2a: Latios
|-damage|p2a: Latios|228/253 tox
|
|-damage|p2a: Latios|183/253 tox|[from] psn
|-damage|p1a: Lugia|239/279 brn|[from] brn
|upkeep
|turn|49
|
|t:|1685255462
|move|p2a: Latios|Psyshock|p1a: Lugia
|-resisted|p1a: Lugia
|-activate|p1a: Lugia|move: Substitute|[damage]
|move|p1a: Lugia|Substitute|p1a: Lugia
|-fail|p1a: Lugia|move: Substitute
|
|-damage|p2a: Latios|123/253 tox|[from] psn
|-damage|p1a: Lugia|222/279 brn|[from] brn
|upkeep
|turn|50
|
|t:|1685255469
|move|p2a: Latios|Roost|p2a: Latios
|-heal|p2a: Latios|250/253 tox
|-singleturn|p2a: Latios|move: Roost
|move|p1a: Lugia|Substitute|p1a: Lugia
|-fail|p1a: Lugia|move: Substitute
|
|-damage|p2a: Latios|175/253 tox|[from] psn
|-damage|p1a: Lugia|205/279 brn|[from] brn
|upkeep
|turn|51
|
|t:|1685255477
|move|p2a: Latios|Draco Meteor|p1a: Lugia
|-end|p1a: Lugia|Substitute
|-unboost|p2a: Latios|spa|2
|move|p1a: Lugia|Substitute|p1a: Lugia
|-start|p1a: Lugia|Substitute
|-damage|p1a: Lugia|136/279 brn
|
|-damage|p2a: Latios|85/253 tox|[from] psn
|-damage|p1a: Lugia|119/279 brn|[from] brn
|upkeep
|turn|52
|
|t:|1685255492
|move|p2a: Latios|Roost|p2a: Latios
|-heal|p2a: Latios|212/253 tox
|-singleturn|p2a: Latios|move: Roost
|move|p1a: Lugia|Roost|p1a: Lugia
|-heal|p1a: Lugia|259/279 brn
|-singleturn|p1a: Lugia|move: Roost
|
|-damage|p2a: Latios|107/253 tox|[from] psn
|-damage|p1a: Lugia|242/279 brn|[from] brn
|upkeep
|turn|53
|
|t:|1685255514
|switch|p2a: Incineroar|Incineroar, L80, F|111/283 tox
|-ability|p2a: Incineroar|Intimidate|boost
|-immune|p1a: Lugia
|move|p1a: Lugia|Substitute|p1a: Lugia
|-fail|p1a: Lugia|move: Substitute
|
|-damage|p2a: Incineroar|94/283 tox|[from] psn
|-damage|p1a: Lugia|225/279 brn|[from] brn
|upkeep
|turn|54
|
|t:|1685255527
|move|p1a: Lugia|Air Slash|p2a: Incineroar
|-damage|p2a: Incineroar|34/283 tox
|move|p2a: Incineroar|Flare Blitz|p1a: Lugia
|-end|p1a: Lugia|Substitute
|-damage|p2a: Incineroar|11/283 tox|[from] Recoil|[of] p1a: Lugia
|
|-damage|p2a: Incineroar|0 fnt|[from] psn
|faint|p2a: Incineroar
|-damage|p1a: Lugia|208/279 brn|[from] brn
|upkeep
|
|t:|1685255538
|switch|p2a: Latios|Latios, L78, M|107/253 tox
|turn|55
|
|t:|1685255546
|move|p2a: Latios|Draco Meteor|p1a: Lugia
|-damage|p1a: Lugia|73/279 brn
|-unboost|p2a: Latios|spa|2
|move|p1a: Lugia|Substitute|p1a: Lugia
|-start|p1a: Lugia|Substitute
|-damage|p1a: Lugia|4/279 brn
|
|-damage|p2a: Latios|92/253 tox|[from] psn
|-damage|p1a: Lugia|0 fnt|[from] brn
|faint|p1a: Lugia
|
|win|donutplayerisshit
|upkeep
|l|☆hibye721
