{"id": "gen8randombattle-1873589786", "p1": "atrjhryjfszdh", "p2": "bug toucher 69", "format": "[Gen 8] Random Battle", "log": "|j|\u2606atrjhryjfszdh\n|j|\u2606bug toucher 69\n|t:|1685393658\n|gametype|singles\n|player|p1|atrjhryjfszdh|101|1403\n|player|p2|bug toucher 69|hiker-gen4|1464\n|teamsize|p1|6\n|teamsize|p2|6\n|gen|8\n|tier|[Gen 8] Random Battle\n|rated|\n|rule|Species Clause: Limit one of each Pok\u00e9mon\n|rule|HP Percentage Mod: HP is shown in percentages\n|rule|Sleep Clause Mod: Limit one foe put to sleep\n|\n|t:|1685393658\n|start\n|switch|p1a: Ho-Oh|Ho-Oh, L72|272/272\n|switch|p2a: Haxorus|Haxorus, L77, F|244/244\n|-ability|p2a: Haxorus|Mold Breaker\n|turn|1\n|\n|t:|1685393672\n|move|p2a: Haxorus|Dragon Dance|p2a: Haxorus\n|-boost|p2a: Haxorus|atk|1\n|-boost|p2a: Haxorus|spe|1\n|move|p1a: Ho-Oh|Toxic|p2a: Haxorus|[miss]\n|-miss|p1a: Ho-Oh|p2a: Haxorus\n|\n|upkeep\n|turn|2\n|\n|t:|1685393676\n|move|p2a: Haxorus|Outrage|p1a: Ho-Oh\n|-damage|p1a: Ho-Oh|0 fnt\n|faint|p1a: Ho-Oh\n|-damage|p2a: Haxorus|220/244|[from] item: Life Orb\n|\n|upkeep\n|\n|t:|1685393683\n|switch|p1a: Celesteela|Celesteela, L77|276/276\n|turn|3\n|\n|t:|1685393688\n|move|p2a: Haxorus|Outrage|p1a: Celesteela|[from]lockedmove\n|-resisted|p1a: Celesteela\n|-damage|p1a: Celesteela|143/276\n|-damage|p2a: Haxorus|196/244|[from] item: Life Orb\n|-start|p2a: Haxorus|confusion|[fatigue]\n|move|p1a: Celesteela|Leech Seed|p2a: Haxorus\n|-start|p2a: Haxorus|move: Leech Seed\n|\n|-heal|p1a: Celesteela|160/276|[from] item: Leftovers\n|-damage|p2a: Haxorus|166/244|[from] Leech Seed|[of] p1a: Celesteela\n|-heal|p1a: Celesteela|190/276|[silent]\n|upkeep\n|turn|4\n|inactive|Battle timer is ON: inactive players will automatically lose when time's up. (requested by atrjhryjfszdh)\n|\n|t:|1685393696\n|switch|p2a: Tentacruel|Tentacruel, L84, M|272/272\n|-start|p1a: Celesteela|Dynamax|\n|-heal|p1a: Celesteela|380/552|[silent]\n|move|p1a: Celesteela|Max Airstream|p2a: Tentacruel\n|-crit|p2a: Tentacruel\n|-damage|p2a: Tentacruel|118/272\n|-boost|p1a: Celesteela|spe|1\n|\n|-heal|p2a: Tentacruel|135/272|[from] item: Black Sludge\n|-heal|p1a: Celesteela|397/552|[from] item: Leftovers\n|upkeep\n|turn|5\n|inactive|atrjhryjfszdh has 120 seconds left.\n|inactive|atrjhryjfszdh has 90 seconds left.\n|\n|t:|1685393777\n|move|p2a: Tentacruel|Knock Off|p1a: Celesteela\n|-damage|p1a: Celesteela|342/552\n|-enditem|p1a: Celesteela|Leftovers|[from] move: Knock Off|[of] p2a: Tentacruel\n|move|p1a: Celesteela|Max Airstream|p2a: Tentacruel\n|-damage|p2a: Tentacruel|44/272\n|-boost|p1a: Celesteela|spe|1\n|\n|-heal|p2a: Tentacruel|61/272|[from] item: Black Sludge\n|upkeep\n|turn|6\n|\n|t:|1685393788\n|switch|p2a: Oranguru|Oranguru, L86, F|295/295\n|move|p1a: Celesteela|Max Airstream|p2a: Oranguru\n|-damage|p2a: Oranguru|187/295\n|-boost|p1a: Celesteela|spe|1\n|\n|-heal|p2a: Oranguru|205/295|[from] item: Leftovers\n|upkeep\n|-end|p1a: Celesteela|Dynamax\n|-heal|p1a: Celesteela|171/276|[silent]\n|turn|7\n|inactive|bug toucher 69 has 120 seconds left.\n|\n|t:|1685393831\n|move|p1a: Celesteela|Leech Seed|p2a: Oranguru\n|-start|p2a: Oranguru|move: Leech Seed\n|move|p2a: Oranguru|Trick Room|p2a: Oranguru\n|-fieldstart|move: Trick Room|[of] p2a: Oranguru\n|\n|-heal|p2a: Oranguru|223/295|[from] item: Leftovers\n|-damage|p2a: Oranguru|187/295|[from] Leech Seed|[of] p1a: Celesteela\n|-heal|p1a: Celesteela|207/276|[silent]\n|upkeep\n|turn|8\n|\n|t:|1685393838\n|switch|p2a: Whiscash|Whiscash, L86, M|329/329\n|move|p1a: Celesteela|Air Slash|p2a: Whiscash\n|-damage|p2a: Whiscash|253/329\n|\n|upkeep\n|turn|9\n|inactive|bug toucher 69 has 120 seconds left.\n|\n|t:|1685393856\n|move|p2a: Whiscash|Dragon Dance|p2a: Whiscash\n|-boost|p2a: Whiscash|atk|1\n|-boost|p2a: Whiscash|spe|1\n|move|p1a: Celesteela|Leech Seed|p2a: Whiscash\n|-start|p2a: Whiscash|move: Leech Seed\n|\n|-damage|p2a: Whiscash|212/329|[from] Leech Seed|[of] p1a: Celesteela\n|-heal|p1a: Celesteela|248/276|[silent]\n|upkeep\n|turn|10\n|\n|t:|1685393865\n|move|p2a: Whiscash|Liquidation|p1a: Celesteela\n|-damage|p1a: Celesteela|106/276\n|-damage|p2a: Whiscash|180/329|[from] item: Life Orb\n|move|p1a: Celesteela|Air Slash|p2a: Whiscash\n|-damage|p2a: Whiscash|99/329\n|\n|-damage|p2a: Whiscash|58/329|[from] Leech Seed|[of] p1a: Celesteela\n|-heal|p1a: Celesteela|147/276|[silent]\n|upkeep\n|turn|11\n|inactive|atrjhryjfszdh has 90 seconds left.\n|\n|t:|1685393876\n|move|p2a: Whiscash|Dragon Dance|p2a: Whiscash\n|-boost|p2a: Whiscash|atk|1\n|-boost|p2a: Whiscash|spe|1\n|move|p1a: Celesteela|Air Slash|p2a: Whiscash\n|-damage|p2a: Whiscash|0 fnt\n|faint|p2a: Whiscash\n|-ability|p1a: Celesteela|Beast Boost|boost\n|-boost|p1a: Celesteela|spa|1\n|\n|-fieldend|move: Trick Room\n|upkeep\n|\n|t:|1685393885\n|switch|p2a: Rhydon|Rhydon, L87, F|324/324\n|turn|12\n|\n|t:|1685393897\n|-start|p2a: Rhydon|Dynamax|\n|-heal|p2a: Rhydon|648/648|[silent]\n|move|p1a: Celesteela|Flash Cannon|p2a: Rhydon\n|-supereffective|p2a: Rhydon\n|-damage|p2a: Rhydon|418/648\n|move|p2a: Rhydon|Max Rockfall|p1a: Celesteela\n|-damage|p1a: Celesteela|0 fnt\n|-weather|Sandstorm\n|faint|p1a: Celesteela\n|\n|-weather|Sandstorm|[upkeep]\n|upkeep\n|inactive|atrjhryjfszdh has 90 seconds left.\n|\n|t:|1685393908\n|switch|p1a: Appletun|Appletun, L90, M|344/344\n|turn|13\n|\n|t:|1685393913\n|move|p2a: Rhydon|Max Rockfall|p1a: Appletun\n|-damage|p1a: Appletun|169/344\n|move|p1a: Appletun|Apple Acid|p2a: Rhydon\n|-supereffective|p2a: Rhydon\n|-damage|p2a: Rhydon|154/648\n|-unboost|p2a: Rhydon|spd|1\n|\n|-weather|Sandstorm|[upkeep]\n|-damage|p1a: Appletun|148/344|[from] Sandstorm\n|-heal|p1a: Appletun|169/344|[from] item: Leftovers\n|upkeep\n|turn|14\n|\n|t:|1685393927\n|move|p2a: Rhydon|Max Rockfall|p1a: Appletun\n|-damage|p1a: Appletun|0 fnt\n|faint|p1a: Appletun\n|\n|-weather|Sandstorm|[upkeep]\n|upkeep\n|\n|t:|1685393933\n|switch|p1a: Persian|Persian-Alola, L82, M|241/241\n|-end|p2a: Rhydon|Dynamax\n|-heal|p2a: Rhydon|77/324|[silent]\n|turn|15\n|\n|t:|1685393943\n|move|p1a: Persian|Dark Pulse|p2a: Rhydon\n|-damage|p2a: Rhydon|5/324\n|move|p2a: Rhydon|Toxic|p1a: Persian|[miss]\n|-miss|p2a: Rhydon|p1a: Persian\n|\n|-weather|Sandstorm|[upkeep]\n|-damage|p1a: Persian|226/241|[from] Sandstorm\n|-heal|p1a: Persian|241/241|[from] item: Leftovers\n|upkeep\n|turn|16\n|\n|t:|1685393950\n|move|p1a: Persian|Dark Pulse|p2a: Rhydon\n|-damage|p2a: Rhydon|0 fnt\n|faint|p2a: Rhydon\n|\n|-weather|none\n|upkeep\n|\n|t:|1685393957\n|switch|p2a: Haxorus|Haxorus, L77, F|166/244\n|-ability|p2a: Haxorus|Mold Breaker\n|turn|17\n|inactive|atrjhryjfszdh has 120 seconds left.\n|\n|t:|1685393968\n|move|p1a: Persian|Dark Pulse|p2a: Haxorus\n|-damage|p2a: Haxorus|78/244\n|cant|p2a: Haxorus|flinch\n|\n|upkeep\n|turn|18\n|\n|t:|1685393976\n|switch|p2a: Tentacruel|Tentacruel, L84, M|61/272\n|move|p1a: Persian|Dark Pulse|p2a: Tentacruel\n|-crit|p2a: Tentacruel\n|-damage|p2a: Tentacruel|0 fnt\n|faint|p2a: Tentacruel\n|\n|upkeep\n|\n|t:|1685393978\n|switch|p2a: Lycanroc|Lycanroc, L80, M|251/251\n|turn|19\n|\n|t:|1685393992\n|move|p1a: Persian|Dark Pulse|p2a: Lycanroc\n|-crit|p2a: Lycanroc\n|-damage|p2a: Lycanroc|125/251\n|move|p2a: Lycanroc|Close Combat|p1a: Persian\n|-supereffective|p1a: Persian\n|-damage|p1a: Persian|95/241\n|-unboost|p2a: Lycanroc|def|1\n|-unboost|p2a: Lycanroc|spd|1\n|-damage|p2a: Lycanroc|100/251|[from] item: Life Orb\n|\n|-heal|p1a: Persian|110/241|[from] item: Leftovers\n|upkeep\n|turn|20\n|c|\u2606bug toucher 69|...\n|\n|t:|1685394005\n|switch|p2a: Haxorus|Haxorus, L77, F|78/244\n|-ability|p2a: Haxorus|Mold Breaker\n|move|p1a: Persian|Dark Pulse|p2a: Haxorus\n|-damage|p2a: Haxorus|0 fnt\n|faint|p2a: Haxorus\n|\n|-heal|p1a: Persian|125/241|[from] item: Leftovers\n|upkeep\n|\n|t:|1685394006\n|switch|p2a: Lycanroc|Lycanroc, L80, M|100/251\n|turn|21\n|\n|t:|1685394010\n|move|p1a: Persian|Dark Pulse|p2a: Lycanroc\n|-damage|p2a: Lycanroc|15/251\n|move|p2a: Lycanroc|Close Combat|p1a: Persian\n|-supereffective|p1a: Persian\n|-damage|p1a: Persian|0 fnt\n|-unboost|p2a: Lycanroc|def|1\n|-unboost|p2a: Lycanroc|spd|1\n|faint|p1a: Persian\n|-damage|p2a: Lycanroc|0 fnt|[from] item: Life Orb\n|faint|p2a: Lycanroc\n|\n|upkeep\n|\n|t:|1685394014\n|switch|p1a: Linoone|Linoone, L84, M|268/268\n|switch|p2a: Oranguru|Oranguru, L86, F|187/295\n|turn|22\n|\n|t:|1685394019\n|move|p1a: Linoone|Belly Drum|p1a: Linoone\n|-damage|p1a: Linoone|134/268\n|-setboost|p1a: Linoone|atk|6|[from] move: Belly Drum\n|-enditem|p1a: Linoone|Figy Berry|[eat]\n|-heal|p1a: Linoone|223/268|[from] item: Figy Berry\n|move|p2a: Oranguru|Focus Blast|p1a: Linoone\n|-supereffective|p1a: Linoone\n|-damage|p1a: Linoone|0 fnt\n|faint|p1a: Linoone\n|\n|-heal|p2a: Oranguru|205/295|[from] item: Leftovers\n|upkeep\n|\n|t:|1685394025\n|switch|p1a: Chandelure|Chandelure, L82, M|233/233\n|turn|23\n|\n|t:|1685394035\n|move|p1a: Chandelure|Fire Blast|p2a: Oranguru\n|-damage|p2a: Oranguru|90/295\n|move|p2a: Oranguru|Trick Room|p2a: Oranguru\n|-fieldstart|move: Trick Room|[of] p2a: Oranguru\n|\n|-heal|p2a: Oranguru|108/295|[from] item: Leftovers\n|upkeep\n|turn|24\n|\n|t:|1685394041\n|move|p2a: Oranguru|Psychic|p1a: Chandelure\n|-damage|p1a: Chandelure|136/233\n|move|p1a: Chandelure|Fire Blast|p2a: Oranguru\n|-damage|p2a: Oranguru|0 fnt\n|faint|p2a: Oranguru\n|\n|win|atrjhryjfszdh\n|raw|atrjhryjfszdh's rating: 1403 &rarr; <strong>1426</strong><br />(+23 for winning)\n|raw|bug toucher 69's rating: 1464 &rarr; <strong>1441</strong><br />(-23 for losing)\n|c|\u2606bug toucher 69|Rng win\n|l|\u2606bug toucher 69\n|l|\u2606atrjhryjfszdh\n|j|\u2606bug toucher 69\n|player|p2|bug toucher 69|hiker-gen4\n|l|\u2606bug toucher 69\n|player|p2|\n|j|\u2606bug toucher 69\n|player|p2|bug toucher 69|hiker-gen4\n", "inputlog": ">version 6fec31d5a0d4498a06105aa188c9906bc0b6bf95\n>start {\"formatid\":\"gen8randombattle\",\"seed\":[20532,28056,64838,15161],\"rated\":\"Rated battle\"}\n>player p1 {\"name\":\"atrjhryjfszdh\",\"avatar\":\"101\",\"rating\":1403,\"seed\":[52153,18470,62456,39113]}\n>player p2 {\"name\":\"bug toucher 69\",\"avatar\":\"hiker-gen4\",\"rating\":1464,\"seed\":[58850,6205,21864,39277]}\n>p1 move toxic\n>p2 move dragondance\n>p1 move toxic\n>p2 move outrage\n>p1 switch 2\n>p1 move leechseed\n>p2 move outrage\n>p1 move airslash dynamax\n>p2 switch 4\n>p1 move airslash dynamax\n>p2 move knockoff\n>p1 move airslash dynamax\n>p2 switch 2\n>p1 move leechseed\n>p2 move trickroom\n>p1 move airslash\n>p2 switch 6\n>p1 move leechseed\n>p2 move dragondance\n>p1 move airslash\n>p2 move liquidation\n>p1 move airslash\n>p2 move dragondance\n>p2 switch 3\n>p1 move flashcannon\n>p2 move stoneedge dynamax\n>p1 switch 5\n>p1 move appleacid\n>p2 move stoneedge dynamax\n>p1 move appleacid\n>p2 move stoneedge dynamax\n>p1 switch 4\n>p1 move darkpulse\n>p2 move toxic\n>p1 move darkpulse\n>p2 move toxic\n>p2 switch 4\n>p1 move darkpulse\n>p2 move dragondance\n>p1 move darkpulse\n>p2 switch 2\n>p2 switch 5\n>p1 move darkpulse\n>p2 move closecombat\n>chat \u2606bug toucher 69|...\n>p1 move darkpulse\n>p2 switch 2\n>p2 switch 2\n>p1 move darkpulse\n>p2 move closecombat\n>p1 switch 6\n>p2 switch 6\n>p1 move bellydrum\n>p2 move focusblast\n>p1 switch 3\n>p1 move fireblast\n>p2 move trickroom\n>p1 move fireblast\n>p2 move psychic", "uploadtime": 1685394093, "views": 7, "p1id": "atrjhryjfszdh", "p2id": "bugtoucher69", "formatid": "gen8randombattle", "rating": 1426, "private": 0, "password": ""}