|j|☆neux
|j|☆trying_toget_tough
|t:|1685191121
|gametype|singles
|player|p1|neux|lance-masters|1302
|player|p2|trying_toget_tough|101|1350
|teamsize|p1|6
|teamsize|p2|6
|gen|8
|tier|[Gen 8] Random Battle
|rated|
|rule|Species Clause: Limit one of each Pokémon
|rule|HP Percentage Mod: HP is shown in percentages
|rule|Sleep Clause Mod: Limit one foe put to sleep
|
|t:|1685191121
|start
|switch|p1a: Lickilicky|Lickilicky, L86, F|329/329
|switch|p2a: Cradily|Cradily, L86, F|288/288
|turn|1
|inactive|Battle timer is ON: inactive players will automatically lose when time's up. (requested by trying_toget_tough)
|
|t:|1685191152
|switch|p1a: Turtonator|Turtonator, L84, F|238/238
|move|p2a: Cradily|Toxic|p1a: Turtonator
|-status|p1a: Turtonator|tox
|
|-damage|p1a: Turtonator|224/238 tox|[from] psn
|upkeep
|turn|2
|
|t:|1685191163
|move|p2a: Cradily|Stone Edge|p1a: Turtonator
|-supereffective|p1a: Turtonator
|-damage|p1a: Turtonator|80/238 tox
|move|p1a: Turtonator|Shell Smash|p1a: Turtonator
|-unboost|p1a: Turtonator|def|1
|-unboost|p1a: Turtonator|spd|1
|-boost|p1a: Turtonator|atk|2
|-boost|p1a: Turtonator|spa|2
|-boost|p1a: Turtonator|spe|2
|-enditem|p1a: Turtonator|White Herb
|-clearnegativeboost|p1a: Turtonator|[silent]
|
|-damage|p1a: Turtonator|52/238 tox|[from] psn
|upkeep
|turn|3
|
|t:|1685191179
|move|p1a: Turtonator|Fire Blast|p2a: Cradily
|-damage|p2a: Cradily|104/288
|-status|p2a: Cradily|brn
|move|p2a: Cradily|Recover|p2a: Cradily
|-heal|p2a: Cradily|248/288 brn
|
|-heal|p2a: Cradily|266/288 brn|[from] item: Leftovers
|-damage|p1a: Turtonator|10/238 tox|[from] psn
|-damage|p2a: Cradily|248/288 brn|[from] brn
|upkeep
|turn|4
|
|t:|1685191194
|move|p1a: Turtonator|Draco Meteor|p2a: Cradily
|-damage|p2a: Cradily|17/288 brn
|-unboost|p1a: Turtonator|spa|2
|move|p2a: Cradily|Stealth Rock|p1a: Turtonator
|-sidestart|p1: neux|move: Stealth Rock
|
|-heal|p2a: Cradily|35/288 brn|[from] item: Leftovers
|-damage|p1a: Turtonator|0 fnt|[from] psn
|faint|p1a: Turtonator
|-damage|p2a: Cradily|17/288 brn|[from] brn
|upkeep
|
|t:|1685191205
|switch|p1a: Lickilicky|Lickilicky, L86, F|329/329
|-damage|p1a: Lickilicky|288/329|[from] Stealth Rock
|turn|5
|
|t:|1685191214
|move|p1a: Lickilicky|Body Slam|p2a: Cradily
|-resisted|p2a: Cradily
|-damage|p2a: Cradily|0 fnt
|faint|p2a: Cradily
|
|-heal|p1a: Lickilicky|308/329|[from] item: Leftovers
|upkeep
|
|t:|1685191226
|switch|p2a: Skuntank|Skuntank, L85, F|314/314
|turn|6
|
|t:|1685191229
|move|p2a: Skuntank|Toxic|p1a: Lickilicky
|-status|p1a: Lickilicky|tox
|move|p1a: Lickilicky|Body Slam|p2a: Skuntank
|-damage|p2a: Skuntank|214/314
|-status|p2a: Skuntank|par
|
|-heal|p1a: Lickilicky|328/329 tox|[from] item: Leftovers
|-damage|p1a: Lickilicky|308/329 tox|[from] psn
|upkeep
|turn|7
|
|t:|1685191238
|move|p1a: Lickilicky|Body Slam|p2a: Skuntank
|-damage|p2a: Skuntank|108/314 par
|cant|p2a: Skuntank|par
|
|-heal|p1a: Lickilicky|328/329 tox|[from] item: Leftovers
|-damage|p1a: Lickilicky|288/329 tox|[from] psn
|upkeep
|turn|8
|
|t:|1685191245
|move|p2a: Skuntank|Sucker Punch||[still]
|-fail|p2a: Skuntank
|move|p1a: Lickilicky|Heal Bell|p1a: Lickilicky
|-activate|p1a: Lickilicky|move: Heal Bell
|-curestatus|p1a: Lickilicky|tox|[msg]
|
|-heal|p1a: Lickilicky|308/329|[from] item: Leftovers
|upkeep
|turn|9
|
|t:|1685191252
|move|p1a: Lickilicky|Body Slam|p2a: Skuntank
|-damage|p2a: Skuntank|0 fnt
|-damage|p1a: Lickilicky|226/329|[from] ability: Aftermath|[of] p2a: Skuntank
|faint|p2a: Skuntank
|
|-heal|p1a: Lickilicky|246/329|[from] item: Leftovers
|upkeep
|
|t:|1685191263
|switch|p2a: Electivire|Electivire, L82, F|257/257
|turn|10
|
|t:|1685191272
|move|p2a: Electivire|Cross Chop|p1a: Lickilicky
|-supereffective|p1a: Lickilicky
|-damage|p1a: Lickilicky|41/329
|-damage|p2a: Electivire|232/257|[from] item: Life Orb
|move|p1a: Lickilicky|Body Slam|p2a: Electivire
|-damage|p2a: Electivire|121/257
|
|-heal|p1a: Lickilicky|61/329|[from] item: Leftovers
|upkeep
|turn|11
|
|t:|1685191282
|move|p2a: Electivire|Volt Switch|p1a: Lickilicky
|-damage|p1a: Lickilicky|0 fnt
|faint|p1a: Lickilicky
|-damage|p2a: Electivire|96/257|[from] item: Life Orb
|
|t:|1685191288
|switch|p2a: Stunfisk|Stunfisk, L84, F|320/320|[from] Volt Switch
|
|upkeep
|
|t:|1685191304
|switch|p1a: Goodra|Goodra, L82, F|282/282
|-damage|p1a: Goodra|247/282|[from] Stealth Rock
|turn|12
|
|t:|1685191311
|move|p1a: Goodra|Power Whip|p2a: Stunfisk
|-supereffective|p2a: Stunfisk
|-damage|p2a: Stunfisk|142/320
|move|p2a: Stunfisk|Sludge Bomb|p1a: Goodra
|-damage|p1a: Goodra|222/282
|-status|p1a: Goodra|psn
|
|-damage|p1a: Goodra|187/282 psn|[from] psn
|upkeep
|turn|13
|
|t:|1685191322
|move|p1a: Goodra|Power Whip|p2a: Stunfisk
|-supereffective|p2a: Stunfisk
|-damage|p2a: Stunfisk|0 fnt
|faint|p2a: Stunfisk
|
|-damage|p1a: Goodra|152/282 psn|[from] psn
|upkeep
|
|t:|1685191325
|switch|p2a: Mr. Mime|Mr. Mime-Galar, L86, F|226/226
|turn|14
|
|t:|1685191340
|switch|p1a: Orbeetle|Orbeetle, L86, F|243/243
|-item|p2a: Mr. Mime|Eviolite|[from] ability: Frisk|[of] p1a: Orbeetle|[identify]
|move|p2a: Mr. Mime|Freeze-Dry|p1a: Orbeetle
|-damage|p1a: Orbeetle|189/243
|
|upkeep
|turn|15
|
|t:|1685191356
|move|p2a: Mr. Mime|Freeze-Dry|p1a: Orbeetle
|-damage|p1a: Orbeetle|132/243
|move|p1a: Orbeetle|Sticky Web|p2a: Mr. Mime
|-sidestart|p2: trying_toget_tough|move: Sticky Web
|
|upkeep
|turn|16
|
|t:|1685191378
|move|p2a: Mr. Mime|Nasty Plot|p2a: Mr. Mime
|-boost|p2a: Mr. Mime|spa|2
|move|p1a: Orbeetle|U-turn|p2a: Mr. Mime
|-supereffective|p2a: Mr. Mime
|-damage|p2a: Mr. Mime|152/226
|inactive|neux has 120 seconds left.
|
|t:|1685191407
|switch|p1a: Marowak|Marowak-Alola, L84, F|238/238|[from] U-turn
|-damage|p1a: Marowak|179/238|[from] Stealth Rock
|
|upkeep
|turn|17
|inactive|neux has 90 seconds left.
|
|t:|1685191450
|-start|p2a: Mr. Mime|Dynamax|
|-heal|p2a: Mr. Mime|304/452|[silent]
|move|p2a: Mr. Mime|Max Mindstorm|p1a: Marowak
|-damage|p1a: Marowak|0 fnt
|-fieldstart|move: Psychic Terrain
|faint|p1a: Marowak
|
|upkeep
|
|t:|1685191460
|switch|p1a: Indeedee|Indeedee, L83, M|235/235
|-damage|p1a: Indeedee|206/235|[from] Stealth Rock
|turn|18
|
|t:|1685191477
|-start|p1a: Indeedee|Dynamax|
|-heal|p1a: Indeedee|412/470|[silent]
|move|p2a: Mr. Mime|Max Hailstorm|p1a: Indeedee
|-damage|p1a: Indeedee|169/470
|-weather|Hail
|move|p1a: Indeedee|Max Flare|p2a: Mr. Mime
|-supereffective|p2a: Mr. Mime
|-damage|p2a: Mr. Mime|145/452
|-weather|SunnyDay
|-damage|p1a: Indeedee|146/470|[from] item: Life Orb
|
|-weather|SunnyDay|[upkeep]
|upkeep
|turn|19
|inactive|neux has 90 seconds left.
|inactive|trying_toget_tough has 120 seconds left.
|
|t:|1685191500
|move|p1a: Indeedee|Max Guard|p1a: Indeedee
|-singleturn|p1a: Indeedee|Max Guard
|move|p2a: Mr. Mime|Max Hailstorm|p1a: Indeedee
|-activate|p1a: Indeedee|move: Max Guard
|
|-weather|SunnyDay|[upkeep]
|upkeep
|-end|p2a: Mr. Mime|Dynamax
|-heal|p2a: Mr. Mime|73/226|[silent]
|turn|20
|inactive|trying_toget_tough has 120 seconds left.
|inactive|trying_toget_tough has 90 seconds left.
|
|t:|1685191545
|move|p2a: Mr. Mime|Focus Blast|p1a: Indeedee
|-crit|p1a: Indeedee
|-damage|p1a: Indeedee|0 fnt
|faint|p1a: Indeedee
|
|-weather|SunnyDay|[upkeep]
|upkeep
|
|t:|1685191553
|switch|p1a: Orbeetle|Orbeetle, L86, F|132/243
|-item|p2a: Mr. Mime|Eviolite|[from] ability: Frisk|[of] p1a: Orbeetle|[identify]
|turn|21
|
|t:|1685191558
|move|p2a: Mr. Mime|Freeze-Dry|p1a: Orbeetle
|-damage|p1a: Orbeetle|21/243
|move|p1a: Orbeetle|U-turn|p2a: Mr. Mime
|-supereffective|p2a: Mr. Mime
|-damage|p2a: Mr. Mime|0 fnt
|faint|p2a: Mr. Mime
|
|t:|1685191564
|switch|p1a: Goodra|Goodra, L82, F|152/282 psn|[from] U-turn
|-damage|p1a: Goodra|117/282 psn|[from] Stealth Rock
|
|-weather|SunnyDay|[upkeep]
|-damage|p1a: Goodra|82/282 psn|[from] psn
|-fieldend|move: Psychic Terrain
|upkeep
|c|☆trying_toget_tough|gg i lost
|
|t:|1685191581
|switch|p2a: Electivire|Electivire, L82, F|96/257
|-activate|p2a: Electivire|move: Sticky Web
|-unboost|p2a: Electivire|spe|1
|turn|22
|
|t:|1685191588
|move|p1a: Goodra|Earthquake|p2a: Electivire
|-supereffective|p2a: Electivire
|-damage|p2a: Electivire|0 fnt
|faint|p2a: Electivire
|
|-weather|none
|-damage|p1a: Goodra|47/282 psn|[from] psn
|upkeep
|
|t:|1685191592
|switch|p2a: Whiscash|Whiscash, L86, F|329/329
|-activate|p2a: Whiscash|move: Sticky Web
|-unboost|p2a: Whiscash|spe|1
|turn|23
|inactive|neux has 120 seconds left.
|
|t:|1685191602
|move|p1a: Goodra|Power Whip|p2a: Whiscash
|-supereffective|p2a: Whiscash
|-damage|p2a: Whiscash|0 fnt
|faint|p2a: Whiscash
|
|win|neux
|raw|neux's rating: 1302 &rarr; <strong>1325</strong><br />(+23 for winning)
|raw|trying_toget_tough's rating: 1350 &rarr; <strong>1327</strong><br />(-23 for losing)
|c|☆neux|gg
|l|☆neux
