{"id": "gen8randombattle-1872744443", "p1": "Cilantro38", "p2": "OneArmedBandit", "format": "[Gen 8] Random Battle", "log": "|j|\u2606Cilantro38\n|j|\u2606OneArmedBandit\n|t:|1685278527\n|gametype|singles\n|player|p1|Cilantro38|170|\n|player|p2|OneArmedBandit|170|\n|teamsize|p1|6\n|teamsize|p2|6\n|gen|8\n|tier|[Gen 8] Random Battle\n|rule|Species Clause: Limit one of each Pok\u00e9mon\n|rule|HP Percentage Mod: HP is shown in percentages\n|rule|Sleep Clause Mod: Limit one foe put to sleep\n|\n|t:|1685278527\n|start\n|switch|p1a: Volcarona|Volcarona, L76, F|254/254\n|switch|p2a: Skuntank|Skuntank, L85, M|314/314\n|turn|1\n|\n|t:|1685278558\n|switch|p1a: Stakataka|Stakataka, L80|229/229\n|-item|p1a: Stakataka|Air Balloon\n|switch|p2a: Araquanid|Araquanid, L80, M|239/239\n|\n|upkeep\n|turn|2\n|j| Mega_Beedrill User\n|j| drem1\n|l| drem1\n|\n|t:|1685278637\n|switch|p1a: Ninetales|Ninetales, L82, M|254/254\n|-weather|SunnyDay|[from] ability: Drought|[of] p1a: Ninetales\n|move|p2a: Araquanid|Liquidation|p1a: Ninetales\n|-supereffective|p1a: Ninetales\n|-damage|p1a: Ninetales|108/254\n|\n|-weather|SunnyDay|[upkeep]\n|upkeep\n|turn|3\n|\n|t:|1685278673\n|switch|p1a: Zygarde|Zygarde-10%, L82|223/223\n|-ability|p1a: Zygarde|Aura Break\n|move|p2a: Araquanid|Toxic|p1a: Zygarde\n|-status|p1a: Zygarde|tox\n|\n|-weather|SunnyDay|[upkeep]\n|-damage|p1a: Zygarde|210/223 tox|[from] psn\n|upkeep\n|turn|4\n|\n|t:|1685278689\n|move|p1a: Zygarde|Outrage|p2a: Araquanid\n|-damage|p2a: Araquanid|50/239\n|move|p2a: Araquanid|Sticky Web|p1a: Zygarde\n|-sidestart|p1: Cilantro38|move: Sticky Web\n|\n|-weather|SunnyDay|[upkeep]\n|-heal|p2a: Araquanid|64/239|[from] item: Leftovers\n|-damage|p1a: Zygarde|184/223 tox|[from] psn\n|upkeep\n|turn|5\n|\n|t:|1685278722\n|switch|p2a: Uxie|Uxie, L82|257/257\n|move|p1a: Zygarde|Outrage|p2a: Uxie|[from]lockedmove\n|-damage|p2a: Uxie|118/257\n|-start|p1a: Zygarde|confusion|[fatigue]\n|\n|-weather|SunnyDay|[upkeep]\n|-heal|p2a: Uxie|134/257|[from] item: Leftovers\n|-damage|p1a: Zygarde|145/223 tox|[from] psn\n|upkeep\n|turn|6\n|\n|t:|1685278743\n|switch|p1a: Skuntank|Skuntank, L85, M|314/314\n|-activate|p1a: Skuntank|move: Sticky Web\n|-unboost|p1a: Skuntank|spe|1\n|move|p2a: Uxie|Stealth Rock|p1a: Skuntank\n|-sidestart|p1: Cilantro38|move: Stealth Rock\n|\n|-weather|none\n|-heal|p2a: Uxie|150/257|[from] item: Leftovers\n|upkeep\n|turn|7\n|\n|t:|1685278754\n|switch|p2a: Greedent|Greedent, L84, M|339/339\n|move|p1a: Skuntank|Poison Jab|p2a: Greedent\n|-damage|p2a: Greedent|242/339\n|-damage|p1a: Skuntank|283/314|[from] item: Life Orb\n|\n|upkeep\n|turn|8\n|\n|t:|1685278776\n|move|p1a: Skuntank|Taunt|p2a: Greedent\n|-start|p2a: Greedent|move: Taunt\n|move|p2a: Greedent|Earthquake|p1a: Skuntank\n|-supereffective|p1a: Skuntank\n|-damage|p1a: Skuntank|113/314\n|\n|upkeep\n|turn|9\n|\n|t:|1685278791\n|move|p1a: Skuntank|Poison Jab|p2a: Greedent\n|-damage|p2a: Greedent|139/339\n|-enditem|p2a: Greedent|Sitrus Berry|[eat]\n|-heal|p2a: Greedent|223/339|[from] item: Sitrus Berry\n|-heal|p2a: Greedent|336/339|[from] ability: Cheek Pouch\n|-damage|p1a: Skuntank|82/314|[from] item: Life Orb\n|move|p2a: Greedent|Fire Fang|p1a: Skuntank\n|-crit|p1a: Skuntank\n|-damage|p1a: Skuntank|0 fnt\n|-damage|p2a: Greedent|252/339|[from] ability: Aftermath|[of] p1a: Skuntank\n|faint|p1a: Skuntank\n|\n|upkeep\n|\n|t:|1685278809\n|switch|p1a: Ninetales|Ninetales, L82, M|108/254\n|-weather|SunnyDay|[from] ability: Drought|[of] p1a: Ninetales\n|turn|10\n|\n|t:|1685278821\n|move|p1a: Ninetales|Will-O-Wisp|p2a: Greedent\n|-status|p2a: Greedent|brn\n|move|p2a: Greedent|Body Slam|p1a: Ninetales\n|-damage|p1a: Ninetales|58/254\n|\n|-weather|SunnyDay|[upkeep]\n|-damage|p2a: Greedent|231/339 brn|[from] brn\n|-end|p2a: Greedent|move: Taunt\n|upkeep\n|turn|11\n|\n|t:|1685278830\n|move|p1a: Ninetales|Fire Blast|p2a: Greedent|[miss]\n|-miss|p1a: Ninetales|p2a: Greedent\n|move|p2a: Greedent|Swords Dance|p2a: Greedent\n|-boost|p2a: Greedent|atk|2\n|\n|-weather|SunnyDay|[upkeep]\n|-damage|p2a: Greedent|210/339 brn|[from] brn\n|upkeep\n|turn|12\n|\n|t:|1685278840\n|move|p1a: Ninetales|Fire Blast|p2a: Greedent\n|-damage|p2a: Greedent|39/339 brn\n|move|p2a: Greedent|Body Slam|p1a: Ninetales\n|-damage|p1a: Ninetales|0 fnt\n|faint|p1a: Ninetales\n|\n|-weather|SunnyDay|[upkeep]\n|-damage|p2a: Greedent|18/339 brn|[from] brn\n|upkeep\n|\n|t:|1685278852\n|switch|p1a: Weavile|Weavile, L79, M|240/240\n|turn|13\n|l| Mega_Beedrill User\n|\n|t:|1685278880\n|move|p1a: Weavile|Ice Shard|p2a: Greedent\n|-damage|p2a: Greedent|0 fnt\n|faint|p2a: Greedent\n|\n|-weather|SunnyDay|[upkeep]\n|upkeep\n|\n|t:|1685278892\n|switch|p2a: Skuntank|Skuntank, L85, M|314/314\n|turn|14\n|\n|t:|1685278898\n|switch|p1a: Zygarde|Zygarde-10%, L82|145/223 tox\n|-activate|p1a: Zygarde|move: Sticky Web\n|-unboost|p1a: Zygarde|spe|1\n|-damage|p1a: Zygarde|132/223 tox|[from] Stealth Rock\n|-ability|p1a: Zygarde|Aura Break\n|move|p2a: Skuntank|Fire Blast|p1a: Zygarde\n|-resisted|p1a: Zygarde\n|-damage|p1a: Zygarde|62/223 tox\n|-damage|p2a: Skuntank|283/314|[from] item: Life Orb\n|\n|-weather|none\n|-damage|p1a: Zygarde|49/223 tox|[from] psn\n|upkeep\n|turn|15\n|\n|t:|1685278918\n|move|p1a: Zygarde|Extreme Speed|p2a: Skuntank\n|-damage|p2a: Skuntank|191/314\n|move|p2a: Skuntank|Sucker Punch||[still]\n|-fail|p2a: Skuntank\n|\n|-damage|p1a: Zygarde|23/223 tox|[from] psn\n|upkeep\n|turn|16\n|\n|t:|1685278934\n|move|p1a: Zygarde|Extreme Speed|p2a: Skuntank\n|-crit|p2a: Skuntank\n|-damage|p2a: Skuntank|43/314\n|move|p2a: Skuntank|Poison Jab|p1a: Zygarde\n|-resisted|p1a: Zygarde\n|-damage|p1a: Zygarde|0 fnt\n|faint|p1a: Zygarde\n|-damage|p2a: Skuntank|12/314|[from] item: Life Orb\n|\n|upkeep\n|\n|t:|1685278958\n|switch|p1a: Weavile|Weavile, L79, M|240/240\n|turn|17\n|\n|t:|1685278961\n|move|p1a: Weavile|Ice Shard|p2a: Skuntank\n|-damage|p2a: Skuntank|0 fnt\n|faint|p2a: Skuntank\n|\n|upkeep\n|\n|t:|1685278984\n|switch|p2a: Araquanid|Araquanid, L80, M|64/239\n|turn|18\n|\n|t:|1685278991\n|move|p1a: Weavile|Knock Off|p2a: Araquanid\n|-damage|p2a: Araquanid|0 fnt\n|-enditem|p2a: Araquanid|Leftovers|[from] move: Knock Off|[of] p1a: Weavile\n|faint|p2a: Araquanid\n|\n|upkeep\n|\n|t:|1685279004\n|switch|p2a: Necrozma|Necrozma-Dawn-Wings, L76|272/272\n|turn|19\n|\n|t:|1685279028\n|switch|p1a: Volcarona|Volcarona, L76, F|254/254\n|-start|p2a: Necrozma|Dynamax|\n|-heal|p2a: Necrozma|544/544|[silent]\n|move|p2a: Necrozma|Max Flare|p1a: Volcarona\n|-damage|p1a: Volcarona|139/254\n|-weather|SunnyDay\n|\n|-weather|SunnyDay|[upkeep]\n|upkeep\n|turn|20\n|\n|t:|1685279094\n|move|p1a: Volcarona|Quiver Dance|p1a: Volcarona\n|-boost|p1a: Volcarona|spa|1\n|-boost|p1a: Volcarona|spd|1\n|-boost|p1a: Volcarona|spe|1\n|move|p2a: Necrozma|Max Flare|p1a: Volcarona\n|-damage|p1a: Volcarona|24/254\n|\n|-weather|SunnyDay|[upkeep]\n|upkeep\n|turn|21\n|\n|t:|1685279109\n|move|p1a: Volcarona|Bug Buzz|p2a: Necrozma\n|-damage|p2a: Necrozma|369/544\n|move|p2a: Necrozma|Max Flare|p1a: Volcarona\n|-damage|p1a: Volcarona|0 fnt\n|faint|p1a: Volcarona\n|\n|-weather|SunnyDay|[upkeep]\n|-heal|p2a: Necrozma|386/544|[from] item: Leftovers\n|upkeep\n|\n|t:|1685279112\n|switch|p1a: Weavile|Weavile, L79, M|240/240\n|-end|p2a: Necrozma|Dynamax\n|-heal|p2a: Necrozma|193/272|[silent]\n|turn|22\n|\n|t:|1685279115\n|move|p1a: Weavile|Knock Off|p2a: Necrozma\n|-supereffective|p2a: Necrozma\n|-damage|p2a: Necrozma|0 fnt\n|-enditem|p2a: Necrozma|Leftovers|[from] move: Knock Off|[of] p1a: Weavile\n|faint|p2a: Necrozma\n|\n|-weather|SunnyDay|[upkeep]\n|upkeep\n|\n|t:|1685279120\n|switch|p2a: Uxie|Uxie, L82|150/257\n|turn|23\n|\n|t:|1685279123\n|move|p1a: Weavile|Knock Off|p2a: Uxie\n|-supereffective|p2a: Uxie\n|-damage|p2a: Uxie|0 fnt\n|-enditem|p2a: Uxie|Leftovers|[from] move: Knock Off|[of] p1a: Weavile\n|faint|p2a: Uxie\n|\n|-weather|none\n|upkeep\n|\n|t:|1685279125\n|switch|p2a: Rotom|Rotom-Mow, L86|226/226\n|turn|24\n|\n|t:|1685279133\n|move|p1a: Weavile|Triple Axel|p2a: Rotom\n|-supereffective|p2a: Rotom\n|-damage|p2a: Rotom|190/226\n|-supereffective|p2a: Rotom\n|-damage|p2a: Rotom|116/226\n|-supereffective|p2a: Rotom\n|-damage|p2a: Rotom|8/226\n|-hitcount|p2a: Rotom|3\n|move|p2a: Rotom|Will-O-Wisp|p1a: Weavile\n|-status|p1a: Weavile|brn\n|\n|-heal|p2a: Rotom|22/226|[from] item: Leftovers\n|-damage|p1a: Weavile|225/240 brn|[from] brn\n|upkeep\n|turn|25\n|j| 35Q71N\n|c|\u2606Cilantro38|gg wp\n|\n|t:|1685279143\n|-start|p1a: Weavile|Dynamax|\n|-heal|p1a: Weavile|450/480 brn|[silent]\n|move|p1a: Weavile|Max Hailstorm|p2a: Rotom\n|-supereffective|p2a: Rotom\n|-damage|p2a: Rotom|0 fnt\n|-weather|Hail\n|faint|p2a: Rotom\n|\n|win|Cilantro38\n|c|\u2606OneArmedBandit|ggwp\n|l| 35Q71N\n", "inputlog": ">version d74822bbc74c095aa312053f7034baee3068d99e\n>start {\"formatid\":\"gen8randombattle\",\"seed\":[64191,12463,29507,9783]}\n>player p1 {\"name\":\"Cilantro38\",\"avatar\":\"170\",\"rating\":0,\"seed\":[44299,36011,44548,27073]}\n>player p2 {\"name\":\"OneArmedBandit\",\"avatar\":\"170\",\"rating\":0,\"seed\":[51182,49227,23330,56857]}\n>p1 switch 5\n>p2 switch 4\n>p1 switch 4\n>p2 move liquidation\n>p1 switch 6\n>p2 move toxic\n>p1 move outrage\n>p2 move stickyweb\n>p1 move outrage\n>p2 switch 2\n>p1 switch 3\n>p2 move stealthrock\n>p1 move poisonjab\n>p2 switch 3\n>p1 move taunt\n>p2 move earthquake\n>p1 move poisonjab\n>p2 move firefang\n>p1 switch 6\n>p1 move willowisp\n>p2 move bodyslam\n>p1 move fireblast\n>p2 move swordsdance\n>p1 move fireblast\n>p2 move bodyslam\n>p1 switch 2\n>p1 move iceshard\n>p2 move firefang\n>p2 switch 4\n>p1 switch 3\n>p2 move fireblast\n>p1 move extremespeed\n>p2 move suckerpunch\n>p1 move extremespeed\n>p2 move poisonjab\n>p1 switch 3\n>p1 move iceshard\n>p2 move fireblast\n>p2 switch 2\n>p1 move knockoff\n>p2 move leechlife\n>p2 switch 6\n>p1 switch 5\n>p2 move heatwave dynamax\n>p1 move quiverdance\n>p2 move heatwave dynamax\n>p1 move bugbuzz\n>p2 move heatwave dynamax\n>p1 switch 5\n>p1 move knockoff\n>p2 move heatwave\n>p2 switch 3\n>p1 move knockoff\n>p2 move yawn\n>p2 switch 5\n>p1 move tripleaxel\n>p2 move willowisp\n>chat \u2606Cilantro38|gg wp\n>p1 move iceshard dynamax\n>p2 move thunderbolt", "uploadtime": 1685279153, "views": 8, "p1id": "cilantro38", "p2id": "onearmedbandit", "formatid": "gen8randombattle", "rating": 0, "private": 0, "password": ""}