{"id": "gen8randombattle-1872865661", "p1": "Infamous20111", "p2": "SuiminFR", "format": "[Gen 8] Random Battle", "log": "|j|\u2606Infamous20111\n|j|\u2606SuiminFR\n|t:|1685294385\n|gametype|singles\n|player|p1|Infamous20111|dancer|1540\n|player|p2|SuiminFR|marnie-masters3|1410\n|teamsize|p1|6\n|teamsize|p2|6\n|gen|8\n|tier|[Gen 8] Random Battle\n|rated|\n|rule|Species Clause: Limit one of each Pok\u00e9mon\n|rule|HP Percentage Mod: HP is shown in percentages\n|rule|Sleep Clause Mod: Limit one foe put to sleep\n|\n|t:|1685294385\n|start\n|switch|p1a: Toxicroak|Toxicroak, L84, M|277/277\n|switch|p2a: Shiftry|Shiftry, L86, F|295/295\n|turn|1\n|\n|t:|1685294420\n|move|p1a: Toxicroak|Substitute|p1a: Toxicroak\n|-start|p1a: Toxicroak|Substitute\n|-damage|p1a: Toxicroak|208/277\n|move|p2a: Shiftry|Heat Wave|p1a: Toxicroak\n|-end|p1a: Toxicroak|Substitute\n|\n|-heal|p1a: Toxicroak|225/277|[from] item: Black Sludge\n|upkeep\n|turn|2\n|\n|t:|1685294426\n|move|p1a: Toxicroak|Gunk Shot|p2a: Shiftry\n|-supereffective|p2a: Shiftry\n|-enditem|p2a: Shiftry|Focus Sash\n|-damage|p2a: Shiftry|1/295\n|move|p2a: Shiftry|Heat Wave|p1a: Toxicroak\n|-damage|p1a: Toxicroak|124/277\n|\n|-heal|p1a: Toxicroak|141/277|[from] item: Black Sludge\n|upkeep\n|turn|3\n|\n|t:|1685294440\n|move|p1a: Toxicroak|Drain Punch|p2a: Shiftry\n|-supereffective|p2a: Shiftry\n|-damage|p2a: Shiftry|0 fnt\n|-heal|p1a: Toxicroak|142/277|[from] drain|[of] p2a: Shiftry\n|faint|p2a: Shiftry\n|\n|-heal|p1a: Toxicroak|159/277|[from] item: Black Sludge\n|upkeep\n|\n|t:|1685294445\n|switch|p2a: Dracozolt|Dracozolt, L78|268/268\n|turn|4\n|\n|t:|1685294457\n|move|p2a: Dracozolt|Earthquake|p1a: Toxicroak\n|-supereffective|p1a: Toxicroak\n|-damage|p1a: Toxicroak|0 fnt\n|faint|p1a: Toxicroak\n|\n|upkeep\n|\n|t:|1685294476\n|switch|p1a: Zarude|Zarude-Dada, L78|292/292\n|turn|5\n|\n|t:|1685294480\n|switch|p2a: Shuckle|Shuckle, L87, M|177/177\n|move|p1a: Zarude|Bulk Up|p1a: Zarude\n|-boost|p1a: Zarude|atk|1\n|-boost|p1a: Zarude|def|1\n|\n|upkeep\n|turn|6\n|\n|t:|1685294489\n|move|p1a: Zarude|Bulk Up|p1a: Zarude\n|-boost|p1a: Zarude|atk|1\n|-boost|p1a: Zarude|def|1\n|move|p2a: Shuckle|Toxic|p1a: Zarude\n|-status|p1a: Zarude|tox\n|\n|-damage|p1a: Zarude|274/292 tox|[from] psn\n|upkeep\n|turn|7\n|\n|t:|1685294494\n|move|p1a: Zarude|Bulk Up|p1a: Zarude\n|-boost|p1a: Zarude|atk|1\n|-boost|p1a: Zarude|def|1\n|move|p2a: Shuckle|Encore|p1a: Zarude\n|-start|p1a: Zarude|Encore\n|\n|-heal|p1a: Zarude|292/292 tox|[from] item: Leftovers\n|-damage|p1a: Zarude|256/292 tox|[from] psn\n|upkeep\n|turn|8\n|\n|t:|1685294503\n|move|p1a: Zarude|Bulk Up|p1a: Zarude\n|-boost|p1a: Zarude|atk|1\n|-boost|p1a: Zarude|def|1\n|move|p2a: Shuckle|Sticky Web|p1a: Zarude\n|-sidestart|p1: Infamous20111|move: Sticky Web\n|\n|-heal|p1a: Zarude|274/292 tox|[from] item: Leftovers\n|-damage|p1a: Zarude|220/292 tox|[from] psn\n|upkeep\n|turn|9\n|\n|t:|1685294517\n|move|p1a: Zarude|Bulk Up|p1a: Zarude\n|-boost|p1a: Zarude|atk|1\n|-boost|p1a: Zarude|def|1\n|move|p2a: Shuckle|Stealth Rock|p1a: Zarude\n|-sidestart|p1: Infamous20111|move: Stealth Rock\n|\n|-heal|p1a: Zarude|238/292 tox|[from] item: Leftovers\n|-damage|p1a: Zarude|166/292 tox|[from] psn\n|upkeep\n|turn|10\n|\n|t:|1685294528\n|switch|p2a: Dracozolt|Dracozolt, L78|268/268\n|move|p1a: Zarude|Bulk Up|p1a: Zarude\n|-boost|p1a: Zarude|atk|1\n|-boost|p1a: Zarude|def|1\n|\n|-heal|p1a: Zarude|184/292 tox|[from] item: Leftovers\n|-damage|p1a: Zarude|94/292 tox|[from] psn\n|-end|p1a: Zarude|Encore\n|upkeep\n|turn|11\n|\n|t:|1685294537\n|move|p2a: Dracozolt|Aerial Ace|p1a: Zarude\n|-supereffective|p1a: Zarude\n|-damage|p1a: Zarude|64/292 tox\n|move|p1a: Zarude|Jungle Healing|p1a: Zarude\n|-heal|p1a: Zarude|137/292 tox\n|-curestatus|p1a: Zarude|tox|[msg]\n|\n|-heal|p1a: Zarude|155/292|[from] item: Leftovers\n|upkeep\n|turn|12\n|\n|t:|1685294544\n|switch|p2a: Urshifu|Urshifu-Rapid-Strike, L78, M|284/284\n|move|p1a: Zarude|Jungle Healing|p1a: Zarude\n|-heal|p1a: Zarude|228/292\n|\n|-heal|p1a: Zarude|246/292|[from] item: Leftovers\n|upkeep\n|turn|13\n|\n|t:|1685294550\n|-start|p1a: Zarude|Dynamax|\n|-heal|p1a: Zarude|492/584|[silent]\n|move|p1a: Zarude|Max Overgrowth|p2a: Urshifu\n|-supereffective|p2a: Urshifu\n|-damage|p2a: Urshifu|0 fnt\n|-fieldstart|move: Grassy Terrain\n|faint|p2a: Urshifu\n|\n|-heal|p1a: Zarude|510/584|[from] Grassy Terrain\n|-heal|p1a: Zarude|528/584|[from] item: Leftovers\n|upkeep\n|-message|SuiminFR forfeited.\n|\n|win|Infamous20111\n|raw|Infamous20111's rating: 1540 &rarr; <strong>1553</strong><br />(+13 for winning)\n|raw|SuiminFR's rating: 1410 &rarr; <strong>1397</strong><br />(-13 for losing)\n|l|\u2606SuiminFR\n|l|\u2606Infamous20111\n|j|\u2606Infamous20111\n|player|p1|Infamous20111|dancer\n", "inputlog": ">version d74822bbc74c095aa312053f7034baee3068d99e\n>start {\"formatid\":\"gen8randombattle\",\"seed\":[30488,31385,54092,64778],\"rated\":\"Rated battle\"}\n>player p1 {\"name\":\"Infamous20111\",\"avatar\":\"dancer\",\"rating\":1540,\"seed\":[44801,41142,44985,35831]}\n>player p2 {\"name\":\"SuiminFR\",\"avatar\":\"marnie-masters3\",\"rating\":1410,\"seed\":[22490,53182,55152,7820]}\n>p1 move substitute\n>p2 move heatwave\n>p1 move gunkshot\n>p2 move heatwave\n>p1 move drainpunch\n>p2 move heatwave\n>p2 switch 2\n>p1 move gunkshot\n>p2 move earthquake\n>p1 switch 3\n>p1 move bulkup\n>p2 switch 5\n>p1 move bulkup\n>p2 move toxic\n>p1 move bulkup\n>p2 move encore\n>p1 move bulkup\n>p2 move stickyweb\n>p1 move bulkup\n>p2 move stealthrock\n>p1 move bulkup\n>p2 switch 5\n>p1 move junglehealing\n>p2 move aerialace\n>p1 move junglehealing\n>p2 switch 4\n>p1 move powerwhip dynamax\n>p2 move surgingstrikes\n>forcelose p2", "uploadtime": 1685294584, "views": 3, "p1id": "infamous20111", "p2id": "suiminfr", "formatid": "gen8randombattle", "rating": 1397, "private": 0, "password": ""}