{"id": "gen8randombattle-1874108292", "p1": "Kizmabals", "p2": "nameisBrown", "format": "[Gen 8] Random Battle", "log": "|j|\u2606Kizmabals\n|j|\u2606nameisBrown\n|t:|1685465584\n|gametype|singles\n|player|p1|Kizmabals|ethan|1158\n|player|p2|nameisBrown|geeta|1062\n|teamsize|p1|6\n|teamsize|p2|6\n|gen|8\n|tier|[Gen 8] Random Battle\n|rated|\n|rule|Species Clause: Limit one of each Pok\u00e9mon\n|rule|HP Percentage Mod: HP is shown in percentages\n|rule|Sleep Clause Mod: Limit one foe put to sleep\n|\n|t:|1685465584\n|start\n|switch|p1a: Espeon|Espeon, L82, F|241/241\n|switch|p2a: Sylveon|Sylveon, L84, F|297/297\n|turn|1\n|inactive|Battle timer is ON: inactive players will automatically lose when time's up. (requested by Kizmabals)\n|\n|t:|1685465658\n|switch|p2a: Type: Null|Type: Null, L86|304/304\n|move|p1a: Espeon|Psychic|p2a: Type: Null\n|-damage|p2a: Type: Null|218/304\n|-damage|p1a: Espeon|217/241|[from] item: Life Orb\n|\n|upkeep\n|turn|2\n|inactive|nameisBrown has 120 seconds left.\n|\n|t:|1685465699\n|switch|p1a: Mudsdale|Mudsdale, L82, M|298/298\n|move|p2a: Type: Null|Crush Claw|p1a: Mudsdale\n|-damage|p1a: Mudsdale|225/298\n|-ability|p1a: Mudsdale|Stamina|boost\n|-boost|p1a: Mudsdale|def|1\n|\n|upkeep\n|turn|3\n|\n|t:|1685465726\n|switch|p2a: Cradily|Cradily, L86, F|288/288\n|move|p1a: Mudsdale|Body Press|p2a: Cradily\n|-supereffective|p2a: Cradily\n|-damage|p2a: Cradily|62/288\n|\n|-heal|p2a: Cradily|80/288|[from] item: Leftovers\n|upkeep\n|turn|4\n|\n|t:|1685465741\n|switch|p1a: Glastrier|Glastrier, L82|298/298\n|move|p2a: Cradily|Power Whip|p1a: Glastrier|[miss]\n|-miss|p2a: Cradily|p1a: Glastrier\n|\n|-heal|p2a: Cradily|98/288|[from] item: Leftovers\n|upkeep\n|turn|5\n|\n|t:|1685465759\n|move|p2a: Cradily|Stone Edge|p1a: Glastrier\n|-supereffective|p1a: Glastrier\n|-damage|p1a: Glastrier|160/298\n|move|p1a: Glastrier|Close Combat|p2a: Cradily\n|-supereffective|p2a: Cradily\n|-damage|p2a: Cradily|0 fnt\n|-unboost|p1a: Glastrier|def|1\n|-unboost|p1a: Glastrier|spd|1\n|faint|p2a: Cradily\n|-ability|p1a: Glastrier|Chilling Neigh|boost\n|-boost|p1a: Glastrier|atk|1\n|\n|upkeep\n|\n|t:|1685465769\n|switch|p2a: Cinderace|Cinderace, L74, M|240/240\n|turn|6\n|\n|t:|1685465794\n|move|p2a: Cinderace|Bulk Up|p2a: Cinderace\n|-start|p2a: Cinderace|typechange|Fighting|[from] ability: Libero\n|-boost|p2a: Cinderace|atk|1\n|-boost|p2a: Cinderace|def|1\n|move|p1a: Glastrier|High Horsepower|p2a: Cinderace\n|-damage|p2a: Cinderace|138/240\n|\n|upkeep\n|turn|7\n|\n|t:|1685465804\n|-start|p2a: Cinderace|Dynamax|Gmax\n|-heal|p2a: Cinderace|276/480|[silent]\n|move|p2a: Cinderace|Max Knuckle|p1a: Glastrier\n|-supereffective|p1a: Glastrier\n|-damage|p1a: Glastrier|0 fnt\n|-boost|p2a: Cinderace|atk|1\n|faint|p1a: Glastrier\n|\n|upkeep\n|\n|t:|1685465810\n|switch|p1a: Mudsdale|Mudsdale, L82, M|225/298\n|turn|8\n|inactive|nameisBrown has 120 seconds left.\n|\n|t:|1685465826\n|move|p2a: Cinderace|G-Max Fireball|p1a: Mudsdale\n|-start|p2a: Cinderace|typechange|Fire|[from] ability: Libero\n|-damage|p1a: Mudsdale|0 fnt\n|faint|p1a: Mudsdale\n|\n|upkeep\n|\n|t:|1685465838\n|switch|p1a: Espeon|Espeon, L82, F|217/241\n|turn|9\n|\n|t:|1685465843\n|move|p1a: Espeon|Psychic|p2a: Cinderace\n|-damage|p2a: Cinderace|103/480\n|-damage|p1a: Espeon|193/241|[from] item: Life Orb\n|move|p2a: Cinderace|Max Darkness|p1a: Espeon\n|-start|p2a: Cinderace|typechange|Dark|[from] ability: Libero\n|-supereffective|p1a: Espeon\n|-damage|p1a: Espeon|0 fnt\n|faint|p1a: Espeon\n|\n|upkeep\n|\n|t:|1685465851\n|switch|p1a: Ninetales|Ninetales, L82, M|254/254\n|-weather|SunnyDay|[from] ability: Drought|[of] p1a: Ninetales\n|-end|p2a: Cinderace|Dynamax\n|-heal|p2a: Cinderace|52/240|[silent]\n|turn|10\n|inactive|nameisBrown has 120 seconds left.\n|\n|t:|1685465878\n|move|p2a: Cinderace|Sucker Punch||[still]\n|-fail|p2a: Cinderace\n|move|p1a: Ninetales|Nasty Plot|p1a: Ninetales\n|-boost|p1a: Ninetales|spa|2\n|\n|-weather|SunnyDay|[upkeep]\n|upkeep\n|turn|11\n|inactive|nameisBrown has 120 seconds left.\n|\n|t:|1685465887\n|move|p2a: Cinderace|High Jump Kick|p1a: Ninetales\n|-start|p2a: Cinderace|typechange|Fighting|[from] ability: Libero\n|-damage|p1a: Ninetales|0 fnt\n|faint|p1a: Ninetales\n|\n|-weather|SunnyDay|[upkeep]\n|upkeep\n|\n|t:|1685465901\n|switch|p1a: Steelix|Steelix, L84, F|263/263\n|turn|12\n|\n|t:|1685465911\n|move|p2a: Cinderace|Pyro Ball|p1a: Steelix\n|-start|p2a: Cinderace|typechange|Fire|[from] ability: Libero\n|-supereffective|p1a: Steelix\n|-damage|p1a: Steelix|0 fnt\n|faint|p1a: Steelix\n|\n|-weather|SunnyDay|[upkeep]\n|upkeep\n|\n|t:|1685465925\n|switch|p1a: Magearna|Magearna-Original, L76|247/247\n|turn|13\n|c|\u2606nameisBrown|gg lil bro\n|\n|t:|1685465943\n|-start|p1a: Magearna|Dynamax|\n|-heal|p1a: Magearna|494/494|[silent]\n|move|p2a: Cinderace|Pyro Ball|p1a: Magearna\n|-supereffective|p1a: Magearna\n|-damage|p1a: Magearna|0 fnt\n|faint|p1a: Magearna\n|\n|win|nameisBrown\n|raw|Kizmabals's rating: 1158 &rarr; <strong>1126</strong><br />(-32 for losing)\n|raw|nameisBrown's rating: 1062 &rarr; <strong>1101</strong><br />(+39 for winning)\n|l|\u2606Kizmabals\n|c|\u2606nameisBrown|lol\n|c|\u2606nameisBrown|high elo and bad is sad\n", "inputlog": ">version b04b3d7eb02acfee3319999ae188c673d8c969f3\n>start {\"formatid\":\"gen8randombattle\",\"seed\":[50822,43214,57192,54038],\"rated\":\"Rated battle\"}\n>player p1 {\"name\":\"Kizmabals\",\"avatar\":\"ethan\",\"rating\":1158,\"seed\":[13095,13760,6736,1776]}\n>player p2 {\"name\":\"nameisBrown\",\"avatar\":\"geeta\",\"rating\":1062,\"seed\":[58697,2875,48639,61834]}\n>p1 move psychic\n>p2 switch 3\n>p1 switch 3\n>p2 move crushclaw\n>p1 move bodypress\n>p2 switch 2\n>p1 switch 4\n>p2 move powerwhip\n>p1 move closecombat\n>p2 move stoneedge\n>p2 switch 4\n>p1 move highhorsepower\n>p2 move bulkup\n>p1 move closecombat\n>p2 move highjumpkick dynamax\n>p1 switch 4\n>p1 move earthquake\n>p2 move pyroball dynamax\n>p1 switch 3\n>p1 move psychic\n>p2 move suckerpunch dynamax\n>p1 switch 6\n>p1 move nastyplot\n>p2 move suckerpunch\n>p1 move willowisp\n>p2 move highjumpkick\n>p1 switch 2\n>p1 move earthquake\n>p2 move pyroball\n>p1 switch 5\n>chat \u2606nameisBrown|gg lil bro\n>p1 move fleurcannon dynamax\n>p2 move pyroball", "uploadtime": 1685466080, "views": 6, "p1id": "kizmabals", "p2id": "nameisbrown", "formatid": "gen8randombattle", "rating": 1101, "private": 0, "password": ""}