{"id": "gen8randombattle-1875011736", "p1": "odr", "p2": "Michielleus", "format": "[Gen 8] Random Battle", "log": "|j|\u2606odr\n|j|\u2606Michielleus\n|t:|1685560187\n|gametype|singles\n|player|p1|odr|#scl1islanders|\n|player|p2|Michielleus|#rbtt6teammewtwo|\n|teamsize|p1|6\n|teamsize|p2|6\n|gen|8\n|tier|[Gen 8] Random Battle\n|rule|Species Clause: Limit one of each Pok\u00e9mon\n|rule|HP Percentage Mod: HP is shown in percentages\n|rule|Sleep Clause Mod: Limit one foe put to sleep\n|\n|t:|1685560187\n|start\n|switch|p1a: Mew|Mew, L80|291/291\n|switch|p2a: Shiinotic|Shiinotic, L86, F|243/243\n|turn|1\n|inactive|Battle timer is ON: inactive players will automatically lose when time's up. (requested by Michielleus)\n|c|\u2606odr|hf\n|c|\u2606Michielleus|glhf\n|inactive|odr has 270 seconds left.\n|inactive|Michielleus has 270 seconds left.\n|inactive|odr has 240 seconds left.\n|\n|t:|1685560253\n|move|p1a: Mew|Dragon Dance|p1a: Mew\n|-boost|p1a: Mew|atk|1\n|-boost|p1a: Mew|spe|1\n|move|p2a: Shiinotic|Spore|p1a: Mew\n|-status|p1a: Mew|slp|[from] move: Spore\n|-enditem|p1a: Mew|Lum Berry|[eat]\n|-curestatus|p1a: Mew|slp|[msg]\n|\n|upkeep\n|turn|2\n|\n|t:|1685560256\n|switch|p2a: Stunfisk|Stunfisk, L84, M|320/320\n|move|p1a: Mew|Flare Blitz|p2a: Stunfisk\n|-damage|p2a: Stunfisk|187/320\n|-status|p1a: Mew|par|[from] ability: Static|[of] p2a: Stunfisk\n|-activate|p1a: Mew|ability: Synchronize\n|-immune|p2a: Stunfisk\n|-damage|p1a: Mew|247/291 par|[from] Recoil\n|\n|-heal|p2a: Stunfisk|207/320|[from] item: Leftovers\n|upkeep\n|turn|3\n|\n|t:|1685560273\n|move|p1a: Mew|Psychic Fangs|p2a: Stunfisk\n|-damage|p2a: Stunfisk|68/320\n|move|p2a: Stunfisk|Stealth Rock|p1a: Mew\n|-sidestart|p1: odr|move: Stealth Rock\n|\n|-heal|p2a: Stunfisk|88/320|[from] item: Leftovers\n|upkeep\n|turn|4\n|\n|t:|1685560276\n|move|p1a: Mew|Psychic Fangs|p2a: Stunfisk\n|-damage|p2a: Stunfisk|0 fnt\n|faint|p2a: Stunfisk\n|\n|upkeep\n|\n|t:|1685560278\n|switch|p2a: Gengar|Gengar, L80, M|227/227\n|turn|5\n|\n|t:|1685560284\n|switch|p1a: Yveltal|Yveltal, L69|288/288\n|-ability|p1a: Yveltal|Dark Aura\n|move|p2a: Gengar|Shadow Ball|p1a: Yveltal\n|-resisted|p1a: Yveltal\n|-damage|p1a: Yveltal|214/288\n|-damage|p2a: Gengar|205/227|[from] item: Life Orb\n|\n|upkeep\n|turn|6\n|\n|t:|1685560295\n|switch|p2a: Zapdos|Zapdos, L78|268/268\n|move|p1a: Yveltal|Knock Off|p2a: Zapdos\n|-damage|p2a: Zapdos|136/268\n|-enditem|p2a: Zapdos|Heavy-Duty Boots|[from] move: Knock Off|[of] p1a: Yveltal\n|\n|upkeep\n|turn|7\n|\n|t:|1685560305\n|switch|p1a: Quagsire|Quagsire, L84, M|297/297\n|-damage|p1a: Quagsire|279/297|[from] Stealth Rock\n|move|p2a: Zapdos|Roost|p2a: Zapdos\n|-heal|p2a: Zapdos|268/268\n|-singleturn|p2a: Zapdos|move: Roost\n|\n|-heal|p1a: Quagsire|297/297|[from] item: Leftovers\n|upkeep\n|turn|8\n|\n|t:|1685560312\n|switch|p2a: Shiinotic|Shiinotic, L86, F|243/243\n|move|p1a: Quagsire|Toxic|p2a: Shiinotic\n|-status|p2a: Shiinotic|tox\n|\n|-damage|p2a: Shiinotic|228/243 tox|[from] psn\n|upkeep\n|turn|9\n|\n|t:|1685560324\n|switch|p1a: Dhelmise|Dhelmise, L86|261/261\n|-damage|p1a: Dhelmise|229/261|[from] Stealth Rock\n|move|p2a: Shiinotic|Leech Seed|p1a: Dhelmise\n|-immune|p1a: Dhelmise\n|\n|-heal|p2a: Shiinotic|243/243 tox|[from] item: Leftovers\n|-damage|p2a: Shiinotic|213/243 tox|[from] psn\n|upkeep\n|turn|10\n|\n|t:|1685560334\n|switch|p2a: Zapdos|Zapdos, L78|268/268\n|move|p1a: Dhelmise|Anchor Shot|p2a: Zapdos\n|-resisted|p2a: Zapdos\n|-damage|p2a: Zapdos|178/268\n|-activate|p2a: Zapdos|trapped\n|-status|p1a: Dhelmise|par|[from] ability: Static|[of] p2a: Zapdos\n|\n|upkeep\n|turn|11\n|\n|t:|1685560340\n|switch|p1a: Quagsire|Quagsire, L84, M|297/297\n|-damage|p1a: Quagsire|279/297|[from] Stealth Rock\n|move|p2a: Zapdos|Hurricane|p1a: Quagsire|[miss]\n|-miss|p2a: Zapdos|p1a: Quagsire\n|\n|-heal|p1a: Quagsire|297/297|[from] item: Leftovers\n|upkeep\n|turn|12\n|\n|t:|1685560348\n|move|p2a: Zapdos|Hurricane|p1a: Quagsire\n|-damage|p1a: Quagsire|134/297\n|move|p1a: Quagsire|Scald|p2a: Zapdos\n|-damage|p2a: Zapdos|105/268\n|\n|-heal|p1a: Quagsire|152/297|[from] item: Leftovers\n|upkeep\n|turn|13\n|\n|t:|1685560355\n|move|p2a: Zapdos|Hurricane|p1a: Quagsire\n|-damage|p1a: Quagsire|10/297\n|-start|p1a: Quagsire|confusion\n|-activate|p1a: Quagsire|confusion\n|move|p1a: Quagsire|Toxic|p2a: Zapdos\n|-status|p2a: Zapdos|tox\n|\n|-heal|p1a: Quagsire|28/297|[from] item: Leftovers\n|-damage|p2a: Zapdos|89/268 tox|[from] psn\n|upkeep\n|turn|14\n|\n|t:|1685560363\n|move|p2a: Zapdos|Heat Wave|p1a: Quagsire\n|-resisted|p1a: Quagsire\n|-damage|p1a: Quagsire|0 fnt\n|faint|p1a: Quagsire\n|\n|-damage|p2a: Zapdos|57/268 tox|[from] psn\n|upkeep\n|\n|t:|1685560371\n|switch|p1a: Mew|Mew, L80|247/291 par\n|-damage|p1a: Mew|211/291 par|[from] Stealth Rock\n|turn|15\n|\n|t:|1685560382\n|switch|p2a: Shiinotic|Shiinotic, L86, F|213/243 tox\n|move|p1a: Mew|Psychic Fangs|p2a: Shiinotic\n|-damage|p2a: Shiinotic|117/243 tox\n|\n|-heal|p2a: Shiinotic|132/243 tox|[from] item: Leftovers\n|-damage|p2a: Shiinotic|117/243 tox|[from] psn\n|upkeep\n|turn|16\n|\n|t:|1685560387\n|cant|p1a: Mew|par\n|move|p2a: Shiinotic|Strength Sap|p1a: Mew\n|-unboost|p1a: Mew|atk|1\n|-heal|p2a: Shiinotic|243/243 tox\n|\n|-damage|p2a: Shiinotic|213/243 tox|[from] psn\n|upkeep\n|turn|17\n|\n|t:|1685560396\n|move|p1a: Mew|Dragon Dance|p1a: Mew\n|-boost|p1a: Mew|atk|1\n|-boost|p1a: Mew|spe|1\n|move|p2a: Shiinotic|Moonblast|p1a: Mew\n|-damage|p1a: Mew|112/291 par\n|\n|-heal|p2a: Shiinotic|228/243 tox|[from] item: Leftovers\n|-damage|p2a: Shiinotic|183/243 tox|[from] psn\n|upkeep\n|turn|18\n|\n|t:|1685560404\n|cant|p1a: Mew|par\n|move|p2a: Shiinotic|Moonblast|p1a: Mew\n|-damage|p1a: Mew|19/291 par\n|-unboost|p1a: Mew|spa|1\n|\n|-heal|p2a: Shiinotic|198/243 tox|[from] item: Leftovers\n|-damage|p2a: Shiinotic|138/243 tox|[from] psn\n|upkeep\n|turn|19\n|\n|t:|1685560409\n|cant|p1a: Mew|par\n|move|p2a: Shiinotic|Moonblast|p1a: Mew\n|-damage|p1a: Mew|0 fnt\n|faint|p1a: Mew\n|\n|-heal|p2a: Shiinotic|153/243 tox|[from] item: Leftovers\n|-damage|p2a: Shiinotic|78/243 tox|[from] psn\n|upkeep\n|\n|t:|1685560421\n|switch|p1a: Yveltal|Yveltal, L69|214/288\n|-ability|p1a: Yveltal|Dark Aura\n|turn|20\n|\n|t:|1685560428\n|switch|p2a: Ditto|Ditto, L76|198/198\n|-transform|p2a: Ditto|p1a: Yveltal|[from] ability: Imposter\n|-ability|p2a: Ditto|Dark Aura\n|move|p1a: Yveltal|Oblivion Wing|p2a: Ditto\n|-damage|p2a: Ditto|111/198\n|-heal|p1a: Yveltal|279/288|[from] drain|[of] p2a: Ditto\n|\n|upkeep\n|turn|21\n|\n|t:|1685560437\n|move|p2a: Ditto|Knock Off|p1a: Yveltal\n|-resisted|p1a: Yveltal\n|-damage|p1a: Yveltal|208/288\n|-enditem|p1a: Yveltal|Heavy-Duty Boots|[from] move: Knock Off|[of] p2a: Ditto\n|move|p1a: Yveltal|Oblivion Wing|p2a: Ditto\n|-damage|p2a: Ditto|24/198\n|-heal|p1a: Yveltal|273/288|[from] drain|[of] p2a: Ditto\n|\n|upkeep\n|turn|22\n|\n|t:|1685560448\n|switch|p2a: Shiinotic|Shiinotic, L86, F|78/243 tox\n|move|p1a: Yveltal|Oblivion Wing|p2a: Shiinotic\n|-supereffective|p2a: Shiinotic\n|-damage|p2a: Shiinotic|0 fnt\n|-heal|p1a: Yveltal|288/288|[from] drain|[of] p2a: Shiinotic\n|faint|p2a: Shiinotic\n|\n|upkeep\n|\n|t:|1685560455\n|switch|p2a: Zapdos|Zapdos, L78|57/268 tox\n|turn|23\n|\n|t:|1685560462\n|move|p1a: Yveltal|Sucker Punch||[still]\n|-fail|p1a: Yveltal\n|move|p2a: Zapdos|Roost|p2a: Zapdos\n|-heal|p2a: Zapdos|191/268 tox\n|-singleturn|p2a: Zapdos|move: Roost\n|\n|-damage|p2a: Zapdos|175/268 tox|[from] psn\n|upkeep\n|turn|24\n|\n|t:|1685560469\n|switch|p1a: Dhelmise|Dhelmise, L86|229/261 par\n|-damage|p1a: Dhelmise|197/261 par|[from] Stealth Rock\n|move|p2a: Zapdos|Discharge|p1a: Dhelmise\n|-resisted|p1a: Dhelmise\n|-damage|p1a: Dhelmise|154/261 par\n|\n|-damage|p2a: Zapdos|143/268 tox|[from] psn\n|upkeep\n|turn|25\n|\n|t:|1685560472\n|move|p2a: Zapdos|Hurricane|p1a: Dhelmise\n|-supereffective|p1a: Dhelmise\n|-damage|p1a: Dhelmise|0 fnt\n|faint|p1a: Dhelmise\n|\n|-damage|p2a: Zapdos|95/268 tox|[from] psn\n|upkeep\n|inactive|odr has 270 seconds left.\n|\n|t:|1685560510\n|switch|p1a: Porygon-Z|Porygon-Z, L80|267/267\n|-damage|p1a: Porygon-Z|234/267|[from] Stealth Rock\n|turn|26\n|inactive|odr has 270 seconds left.\n|\n|t:|1685560531\n|switch|p2a: Ditto|Ditto, L76|24/198\n|-transform|p2a: Ditto|p1a: Porygon-Z|[from] ability: Imposter\n|move|p1a: Porygon-Z|Tri Attack|p2a: Ditto\n|-damage|p2a: Ditto|0 fnt\n|faint|p2a: Ditto\n|-damage|p1a: Porygon-Z|208/267|[from] item: Life Orb\n|\n|upkeep\n|\n|t:|1685560534\n|switch|p2a: Gengar|Gengar, L80, M|205/227\n|turn|27\n|\n|t:|1685560548\n|move|p2a: Gengar|Focus Blast|p1a: Porygon-Z|[miss]\n|-miss|p2a: Gengar|p1a: Porygon-Z\n|move|p1a: Porygon-Z|Dark Pulse|p2a: Gengar\n|-supereffective|p2a: Gengar\n|-damage|p2a: Gengar|0 fnt\n|-start|p1a: Porygon-Z|Disable|Dark Pulse|[from] ability: Cursed Body|[of] p2a: Gengar\n|faint|p2a: Gengar\n|-damage|p1a: Porygon-Z|182/267|[from] item: Life Orb\n|\n|upkeep\n|\n|t:|1685560555\n|switch|p2a: Jynx|Jynx, L86, F|252/252\n|turn|28\n|\n|t:|1685560562\n|move|p2a: Jynx|Focus Blast|p1a: Porygon-Z|[miss]\n|-miss|p2a: Jynx|p1a: Porygon-Z\n|move|p1a: Porygon-Z|Tri Attack|p2a: Jynx\n|-damage|p2a: Jynx|101/252\n|-damage|p1a: Porygon-Z|156/267|[from] item: Life Orb\n|\n|upkeep\n|turn|29\n|\n|t:|1685560570\n|move|p2a: Jynx|Focus Blast|p1a: Porygon-Z\n|-supereffective|p1a: Porygon-Z\n|-damage|p1a: Porygon-Z|0 fnt\n|faint|p1a: Porygon-Z\n|\n|upkeep\n|\n|t:|1685560580\n|switch|p1a: Azumarill|Azumarill, L84, M|305/305\n|-damage|p1a: Azumarill|267/305|[from] Stealth Rock\n|turn|30\n|\n|t:|1685560610\n|move|p2a: Jynx|Ice Beam|p1a: Azumarill\n|-resisted|p1a: Azumarill\n|-damage|p1a: Azumarill|210/305\n|move|p1a: Azumarill|Knock Off|p2a: Jynx\n|-supereffective|p2a: Jynx\n|-damage|p2a: Jynx|0 fnt\n|-enditem|p2a: Jynx|Heavy-Duty Boots|[from] move: Knock Off|[of] p1a: Azumarill\n|faint|p2a: Jynx\n|\n|upkeep\n|\n|t:|1685560614\n|switch|p2a: Zapdos|Zapdos, L78|95/268 tox\n|turn|31\n|\n|t:|1685560617\n|-start|p2a: Zapdos|Dynamax|\n|-heal|p2a: Zapdos|190/536 tox|[silent]\n|move|p2a: Zapdos|Max Lightning|p1a: Azumarill\n|-supereffective|p1a: Azumarill\n|-damage|p1a: Azumarill|0 fnt\n|-fieldstart|move: Electric Terrain\n|faint|p1a: Azumarill\n|\n|-damage|p2a: Zapdos|174/536 tox|[from] psn\n|upkeep\n|\n|t:|1685560621\n|switch|p1a: Yveltal|Yveltal, L69|288/288\n|-damage|p1a: Yveltal|216/288|[from] Stealth Rock\n|-ability|p1a: Yveltal|Dark Aura\n|turn|32\n|\n|t:|1685560647\n|-start|p1a: Yveltal|Dynamax|\n|-heal|p1a: Yveltal|432/576|[silent]\n|move|p2a: Zapdos|Max Lightning|p1a: Yveltal\n|-supereffective|p1a: Yveltal\n|-damage|p1a: Yveltal|102/576\n|move|p1a: Yveltal|Max Darkness|p2a: Zapdos\n|-damage|p2a: Zapdos|21/536 tox\n|-unboost|p2a: Zapdos|spd|1\n|\n|-damage|p2a: Zapdos|0 fnt|[from] psn\n|faint|p2a: Zapdos\n|\n|win|odr\n|upkeep\n|c|\u2606odr|ggs\n|c|\u2606Michielleus|ggs\n|l|\u2606Michielleus\n", "inputlog": ">version df10212e8bfdc37bcabc8b288b8d2f3885a507ef\n>start {\"formatid\":\"gen8randombattle\",\"seed\":[41386,41891,16063,37872]}\n>player p1 {\"name\":\"odr\",\"avatar\":\"#scl1islanders\",\"rating\":0,\"seed\":[57420,64023,17596,41137]}\n>player p2 {\"name\":\"Michielleus\",\"avatar\":\"#rbtt6teammewtwo\",\"rating\":0,\"seed\":[41680,45548,18118,51760]}\n>chat \u2606odr|hf\n>chat \u2606Michielleus|glhf\n>p1 move dragondance\n>p2 move spore\n>p1 move flareblitz\n>p2 switch 2\n>p1 move psychicfangs\n>p2 move stealthrock\n>p1 move psychicfangs\n>p2 move earthpower\n>p2 switch 4\n>p1 switch 4\n>p2 move shadowball\n>p1 move knockoff\n>p2 switch 3\n>p1 switch 2\n>p2 move roost\n>p1 move toxic\n>p2 switch 2\n>p1 switch 5\n>p2 move leechseed\n>p1 move anchorshot\n>p2 switch 2\n>p1 switch 5\n>p2 move hurricane\n>p1 move scald\n>p2 move hurricane\n>p1 move toxic\n>p2 move hurricane\n>p1 move recover\n>p2 move heatwave\n>p1 switch 4\n>p1 move psychicfangs\n>p2 switch 2\n>p1 move flareblitz\n>p2 move strengthsap\n>p1 move dragondance\n>p2 move moonblast\n>p1 move dragondance\n>p2 move moonblast\n>p1 move flareblitz\n>p2 move moonblast\n>p1 switch 2\n>p1 move oblivionwing\n>p2 switch 6\n>p1 move oblivionwing\n>p2 move knockoff\n>p1 move oblivionwing\n>p2 switch 6\n>p2 switch 2\n>p1 move suckerpunch\n>p2 move roost\n>p1 switch 5\n>p2 move discharge\n>p1 move powerwhip\n>p2 move hurricane\n>p1 switch 6\n>p1 move triattack\n>p2 switch 6\n>p2 switch 3\n>p1 move darkpulse\n>p2 move focusblast\n>p2 switch 5\n>p1 move triattack\n>p2 move focusblast\n>p1 move triattack\n>p2 move focusblast\n>p1 switch 3\n>p1 move knockoff\n>p2 move icebeam\n>p2 switch 6\n>p1 move knockoff\n>p2 move discharge dynamax\n>p1 switch 5\n>p1 move suckerpunch dynamax\n>p2 move discharge dynamax", "uploadtime": 1685560659, "views": 11, "p1id": "odr", "p2id": "michielleus", "formatid": "gen8randombattle", "rating": 0, "private": 0, "password": ""}