{"id": "gen8randombattle-1873184752", "p1": "flyingworkshop", "p2": "dgyefjurdjli", "format": "[Gen 8] Random Battle", "log": "|j|\u2606flyingworkshop\n|j|\u2606dgyefjurdjli\n|t:|1685338571\n|gametype|singles\n|player|p1|flyingworkshop|dawn|1210\n|player|p2|dgyefjurdjli|steven|1040\n|teamsize|p1|6\n|teamsize|p2|6\n|gen|8\n|tier|[Gen 8] Random Battle\n|rated|\n|rule|Species Clause: Limit one of each Pok\u00e9mon\n|rule|HP Percentage Mod: HP is shown in percentages\n|rule|Sleep Clause Mod: Limit one foe put to sleep\n|\n|t:|1685338571\n|start\n|switch|p1a: Cofagrigus|Cofagrigus, L86, F|240/240\n|switch|p2a: Glastrier|Glastrier, L82|298/298\n|turn|1\n|inactive|Battle timer is ON: inactive players will automatically lose when time's up. (requested by flyingworkshop)\n|\n|t:|1685338592\n|switch|p2a: Torkoal|Torkoal, L86, F|261/261\n|-weather|SunnyDay|[from] ability: Drought|[of] p2a: Torkoal\n|move|p1a: Cofagrigus|Will-O-Wisp|p2a: Torkoal\n|-immune|p2a: Torkoal\n|\n|-weather|SunnyDay|[upkeep]\n|upkeep\n|turn|2\n|\n|t:|1685338600\n|move|p1a: Cofagrigus|Toxic Spikes|p2a: Torkoal\n|-sidestart|p2: dgyefjurdjli|move: Toxic Spikes\n|move|p2a: Torkoal|Stealth Rock|p1a: Cofagrigus\n|-sidestart|p1: flyingworkshop|move: Stealth Rock\n|\n|-weather|SunnyDay|[upkeep]\n|upkeep\n|turn|3\n|\n|t:|1685338615\n|move|p1a: Cofagrigus|Shadow Ball|p2a: Torkoal\n|-damage|p2a: Torkoal|152/261\n|move|p2a: Torkoal|Lava Plume|p1a: Cofagrigus\n|-damage|p1a: Cofagrigus|137/240\n|\n|-weather|SunnyDay|[upkeep]\n|-heal|p1a: Cofagrigus|152/240|[from] item: Leftovers\n|upkeep\n|turn|4\n|\n|t:|1685338629\n|switch|p2a: Marowak|Marowak, L86, F|243/243\n|-status|p2a: Marowak|psn\n|move|p1a: Cofagrigus|Shadow Ball|p2a: Marowak\n|-damage|p2a: Marowak|147/243 psn\n|\n|-weather|SunnyDay|[upkeep]\n|-heal|p1a: Cofagrigus|167/240|[from] item: Leftovers\n|-damage|p2a: Marowak|117/243 psn|[from] psn\n|upkeep\n|turn|5\n|\n|t:|1685338642\n|move|p2a: Marowak|Knock Off|p1a: Cofagrigus\n|-supereffective|p1a: Cofagrigus\n|-damage|p1a: Cofagrigus|3/240\n|-activate|p1a: Cofagrigus|ability: Mummy|Rock Head|[of] p2a: Marowak\n|-enditem|p1a: Cofagrigus|Leftovers|[from] move: Knock Off|[of] p2a: Marowak\n|move|p1a: Cofagrigus|Shadow Ball|p2a: Marowak\n|-damage|p2a: Marowak|27/243 psn\n|\n|-weather|none\n|-damage|p2a: Marowak|0 fnt|[from] psn\n|faint|p2a: Marowak\n|upkeep\n|\n|t:|1685338659\n|switch|p2a: Meowstic|Meowstic-F, L86, F|268/268\n|-status|p2a: Meowstic|psn\n|turn|6\n|\n|t:|1685338664\n|move|p2a: Meowstic|Shadow Ball|p1a: Cofagrigus\n|-supereffective|p1a: Cofagrigus\n|-damage|p1a: Cofagrigus|0 fnt\n|faint|p1a: Cofagrigus\n|-damage|p2a: Meowstic|242/268 psn|[from] item: Life Orb\n|\n|-damage|p2a: Meowstic|209/268 psn|[from] psn\n|upkeep\n|\n|t:|1685338674\n|switch|p1a: Ribombee|Ribombee, L82, F|233/233\n|turn|7\n|\n|t:|1685338682\n|move|p1a: Ribombee|Sticky Web|p2a: Meowstic\n|-sidestart|p2: dgyefjurdjli|move: Sticky Web\n|move|p2a: Meowstic|Psychic|p1a: Ribombee\n|-damage|p1a: Ribombee|100/233\n|-damage|p2a: Meowstic|183/268 psn|[from] item: Life Orb\n|\n|-damage|p2a: Meowstic|150/268 psn|[from] psn\n|upkeep\n|turn|8\n|\n|t:|1685338692\n|switch|p1a: Dugtrio|Dugtrio-Alola, L82, F|192/192\n|-damage|p1a: Dugtrio|186/192|[from] Stealth Rock\n|move|p2a: Meowstic|Psychic|p1a: Dugtrio\n|-resisted|p1a: Dugtrio\n|-damage|p1a: Dugtrio|112/192\n|-damage|p2a: Meowstic|124/268 psn|[from] item: Life Orb\n|\n|-damage|p2a: Meowstic|91/268 psn|[from] psn\n|upkeep\n|turn|9\n|\n|t:|1685338707\n|move|p1a: Dugtrio|Sucker Punch|p2a: Meowstic\n|-supereffective|p2a: Meowstic\n|-damage|p2a: Meowstic|0 fnt\n|faint|p2a: Meowstic\n|-damage|p1a: Dugtrio|93/192|[from] item: Life Orb\n|\n|upkeep\n|\n|t:|1685338724\n|switch|p2a: Torkoal|Torkoal, L86, F|152/261\n|-weather|SunnyDay|[from] ability: Drought|[of] p2a: Torkoal\n|turn|10\n|\n|t:|1685338740\n|move|p1a: Dugtrio|Earthquake|p2a: Torkoal\n|-supereffective|p2a: Torkoal\n|-damage|p2a: Torkoal|0 fnt\n|faint|p2a: Torkoal\n|-damage|p1a: Dugtrio|74/192|[from] item: Life Orb\n|\n|-weather|SunnyDay|[upkeep]\n|upkeep\n|-message|dgyefjurdjli forfeited.\n|\n|win|flyingworkshop\n|raw|flyingworkshop's rating: 1234 &rarr; <strong>1246</strong><br />(+12 for winning)\n|raw|dgyefjurdjli's rating: 1040 &rarr; <strong>1032</strong><br />(-8 for losing)\n|l|\u2606dgyefjurdjli\n", "inputlog": ">version 6fec31d5a0d4498a06105aa188c9906bc0b6bf95\n>start {\"formatid\":\"gen8randombattle\",\"seed\":[19756,18569,4267,2601],\"rated\":\"Rated battle\"}\n>player p1 {\"name\":\"flyingworkshop\",\"avatar\":\"dawn\",\"rating\":1210,\"seed\":[288,36549,26238,38462]}\n>player p2 {\"name\":\"dgyefjurdjli\",\"avatar\":\"steven\",\"rating\":1040,\"seed\":[4481,44224,59005,30813]}\n>p1 move willowisp\n>p2 switch 5\n>p1 move toxicspikes\n>p2 move stealthrock\n>p1 move shadowball\n>p2 move lavaplume\n>p1 move shadowball\n>p2 switch 6\n>p1 move shadowball\n>p2 move knockoff\n>p2 switch 4\n>p1 move memento\n>p2 move shadowball\n>p1 switch 5\n>p1 move stickyweb\n>p2 move psychic\n>p1 switch 3\n>p2 move psychic\n>p1 move suckerpunch\n>p2 move shadowball\n>p2 switch 6\n>p1 move earthquake\n>p2 move rapidspin\n>forcelose p2", "uploadtime": 1685338749, "views": 4, "p1id": "flyingworkshop", "p2id": "dgyefjurdjli", "formatid": "gen8randombattle", "rating": 1032, "private": 0, "password": ""}