{"id": "gen8randombattle-1873317671", "p1": "norespectwtsvr", "p2": "xXxdarktrainerxXx", "format": "[Gen 8] Random Battle", "log": "|j|\u203dnorespectwtsvr\n|j|\u2606xXxdarktrainerxXx\n|t:|1685362400\n|gametype|singles\n|player|p1|norespectwtsvr|170|1566\n|player|p2|xXxdarktrainerxXx|red|1502\n|teamsize|p1|6\n|teamsize|p2|6\n|gen|8\n|tier|[Gen 8] Random Battle\n|rated|\n|rule|Species Clause: Limit one of each Pok\u00e9mon\n|rule|HP Percentage Mod: HP is shown in percentages\n|rule|Sleep Clause Mod: Limit one foe put to sleep\n|\n|t:|1685362400\n|start\n|switch|p1a: Palossand|Palossand, L86, F|286/286\n|switch|p2a: Terrakion|Terrakion, L78|270/270\n|turn|1\n|inactive|Battle timer is ON: inactive players will automatically lose when time's up. (requested by norespectwtsvr)\n|\n|t:|1685362424\n|switch|p2a: Seismitoad|Seismitoad, L84, M|314/314\n|move|p1a: Palossand|Toxic|p2a: Seismitoad\n|-status|p2a: Seismitoad|tox\n|\n|-damage|p2a: Seismitoad|295/314 tox|[from] psn\n|upkeep\n|turn|2\n|\n|t:|1685362431\n|switch|p1a: Leafeon|Leafeon, L86, M|252/252\n|move|p2a: Seismitoad|Rain Dance|p2a: Seismitoad\n|-weather|RainDance\n|\n|-weather|RainDance|[upkeep]\n|-damage|p2a: Seismitoad|257/314 tox|[from] psn\n|upkeep\n|turn|3\n|\n|t:|1685362433\n|move|p2a: Seismitoad|Sludge Bomb|p1a: Leafeon\n|-supereffective|p1a: Leafeon\n|-damage|p1a: Leafeon|54/252\n|-status|p1a: Leafeon|psn\n|-damage|p2a: Seismitoad|226/314 tox|[from] item: Life Orb\n|move|p1a: Leafeon|Leaf Blade|p2a: Seismitoad\n|-supereffective|p2a: Seismitoad\n|-damage|p2a: Seismitoad|0 fnt\n|faint|p2a: Seismitoad\n|-damage|p1a: Leafeon|29/252 psn|[from] item: Life Orb\n|\n|-weather|RainDance|[upkeep]\n|-damage|p1a: Leafeon|0 fnt|[from] psn\n|faint|p1a: Leafeon\n|upkeep\n|c|\u2606xXxdarktrainerxXx|your going down...\n|\n|t:|1685362449\n|switch|p1a: Palossand|Palossand, L86, F|286/286\n|switch|p2a: Corsola|Corsola, L93, F|272/272\n|turn|4\n|\n|t:|1685362454\n|move|p2a: Corsola|Scald|p1a: Palossand\n|-supereffective|p1a: Palossand\n|-damage|p1a: Palossand|40/286\n|-status|p1a: Palossand|brn\n|-ability|p1a: Palossand|Water Compaction|boost\n|-boost|p1a: Palossand|def|2\n|move|p1a: Palossand|Toxic|p2a: Corsola\n|-status|p2a: Corsola|tox\n|\n|-weather|RainDance|[upkeep]\n|-heal|p1a: Palossand|57/286 brn|[from] item: Leftovers\n|-damage|p2a: Corsola|255/272 tox|[from] psn\n|-damage|p1a: Palossand|40/286 brn|[from] brn\n|upkeep\n|turn|5\n|\n|t:|1685362459\n|move|p2a: Corsola|Scald|p1a: Palossand\n|-supereffective|p1a: Palossand\n|-damage|p1a: Palossand|0 fnt\n|faint|p1a: Palossand\n|\n|-weather|RainDance|[upkeep]\n|-damage|p2a: Corsola|221/272 tox|[from] psn\n|upkeep\n|c|\u2606xXxdarktrainerxXx|heh heh heh...\n|\n|t:|1685362467\n|switch|p1a: Octillery|Octillery, L86, M|269/269\n|turn|6\n|\n|t:|1685362479\n|switch|p2a: Kangaskhan|Kangaskhan, L84, F|314/314\n|move|p1a: Octillery|Hydro Pump|p2a: Kangaskhan\n|-damage|p2a: Kangaskhan|179/314\n|\n|-weather|none\n|-ability|p1a: Octillery|Moody|boost\n|-boost|p1a: Octillery|atk|2\n|-unboost|p1a: Octillery|def|1\n|upkeep\n|turn|7\n|\n|t:|1685362486\n|move|p1a: Octillery|Protect|p1a: Octillery\n|-singleturn|p1a: Octillery|Protect\n|move|p2a: Kangaskhan|Fake Out|p1a: Octillery\n|-activate|p1a: Octillery|move: Protect\n|\n|-ability|p1a: Octillery|Moody|boost\n|-boost|p1a: Octillery|spd|2\n|-unboost|p1a: Octillery|def|1\n|upkeep\n|turn|8\n|\n|t:|1685362495\n|switch|p1a: Whiscash|Whiscash, L86, F|329/329\n|move|p2a: Kangaskhan|Double-Edge|p1a: Whiscash\n|-crit|p1a: Whiscash\n|-damage|p1a: Whiscash|118/329\n|-damage|p2a: Kangaskhan|109/314|[from] Recoil\n|\n|upkeep\n|turn|9\n|\n|t:|1685362505\n|move|p2a: Kangaskhan|Double-Edge|p1a: Whiscash\n|-damage|p1a: Whiscash|0 fnt\n|faint|p1a: Whiscash\n|-damage|p2a: Kangaskhan|70/314|[from] Recoil\n|\n|upkeep\n|c|\u2606xXxdarktrainerxXx|fall! fall to my power!\n|\n|t:|1685362526\n|switch|p1a: Octillery|Octillery, L86, M|269/269\n|turn|10\n|\n|t:|1685362528\n|move|p1a: Octillery|Protect|p1a: Octillery\n|-singleturn|p1a: Octillery|Protect\n|move|p2a: Kangaskhan|Double-Edge|p1a: Octillery\n|-activate|p1a: Octillery|move: Protect\n|\n|-ability|p1a: Octillery|Moody|boost\n|-boost|p1a: Octillery|spe|2\n|-unboost|p1a: Octillery|atk|1\n|upkeep\n|turn|11\n|\n|t:|1685362535\n|move|p1a: Octillery|Ice Beam|p2a: Kangaskhan\n|-damage|p2a: Kangaskhan|21/314\n|move|p2a: Kangaskhan|Double-Edge|p1a: Octillery\n|-damage|p1a: Octillery|124/269\n|-damage|p2a: Kangaskhan|0 fnt|[from] Recoil\n|faint|p2a: Kangaskhan\n|\n|-heal|p1a: Octillery|140/269|[from] item: Leftovers\n|-ability|p1a: Octillery|Moody|boost\n|-boost|p1a: Octillery|atk|2\n|-unboost|p1a: Octillery|spa|1\n|upkeep\n|\n|t:|1685362554\n|switch|p2a: Terrakion|Terrakion, L78|270/270\n|turn|12\n|\n|t:|1685362576\n|-start|p1a: Octillery|Dynamax|\n|-heal|p1a: Octillery|280/538|[silent]\n|move|p1a: Octillery|Max Geyser|p2a: Terrakion\n|-supereffective|p2a: Terrakion\n|-damage|p2a: Terrakion|54/270\n|-weather|RainDance\n|move|p2a: Terrakion|Close Combat|p1a: Octillery\n|-damage|p1a: Octillery|72/538\n|-unboost|p2a: Terrakion|def|1\n|-unboost|p2a: Terrakion|spd|1\n|-damage|p2a: Terrakion|27/270|[from] item: Life Orb\n|\n|-weather|RainDance|[upkeep]\n|-heal|p1a: Octillery|88/538|[from] item: Leftovers\n|-ability|p1a: Octillery|Moody|boost\n|-boost|p1a: Octillery|spa|2\n|-unboost|p1a: Octillery|spe|1\n|upkeep\n|turn|13\n|\n|t:|1685362585\n|move|p2a: Terrakion|Earthquake|p1a: Octillery\n|-damage|p1a: Octillery|0 fnt\n|faint|p1a: Octillery\n|-damage|p2a: Terrakion|0 fnt|[from] item: Life Orb\n|faint|p2a: Terrakion\n|\n|-weather|RainDance|[upkeep]\n|upkeep\n|c|\u2606xXxdarktrainerxXx|heh heh heh...\n|\n|t:|1685362601\n|switch|p2a: Corsola|Corsola, L93, F|272/272 tox\n|switch|p1a: Exploud|Exploud, L84, F|312/312\n|turn|14\n|\n|t:|1685362604\n|move|p1a: Exploud|Focus Blast|p2a: Corsola\n|-supereffective|p2a: Corsola\n|-damage|p2a: Corsola|78/272 tox\n|move|p2a: Corsola|Stealth Rock|p1a: Exploud\n|-sidestart|p1: norespectwtsvr|move: Stealth Rock\n|\n|-weather|RainDance|[upkeep]\n|-damage|p2a: Corsola|61/272 tox|[from] psn\n|upkeep\n|turn|15\n|\n|t:|1685362613\n|switch|p2a: Spectrier|Spectrier, L74|270/270\n|move|p1a: Exploud|Focus Blast|p2a: Spectrier\n|-damage|p2a: Spectrier|132/270\n|\n|-weather|RainDance|[upkeep]\n|-heal|p2a: Spectrier|148/270|[from] item: Leftovers\n|upkeep\n|turn|16\n|\n|t:|1685362621\n|move|p2a: Spectrier|Dark Pulse|p1a: Exploud\n|-damage|p1a: Exploud|247/312\n|move|p1a: Exploud|Focus Blast|p2a: Spectrier\n|-damage|p2a: Spectrier|12/270\n|\n|-weather|none\n|-heal|p2a: Spectrier|28/270|[from] item: Leftovers\n|upkeep\n|turn|17\n|\n|t:|1685362627\n|move|p2a: Spectrier|Dark Pulse|p1a: Exploud\n|-damage|p1a: Exploud|174/312\n|move|p1a: Exploud|Focus Blast|p2a: Spectrier\n|-damage|p2a: Spectrier|0 fnt\n|faint|p2a: Spectrier\n|\n|upkeep\n|c|\u2606xXxdarktrainerxXx|what...=\n|\n|t:|1685362645\n|switch|p2a: Corsola|Corsola, L93, F|151/272 tox\n|turn|18\n|\n|t:|1685362648\n|move|p1a: Exploud|Focus Blast|p2a: Corsola\n|-supereffective|p2a: Corsola\n|-damage|p2a: Corsola|0 fnt\n|faint|p2a: Corsola\n|\n|upkeep\n|c|\u2606xXxdarktrainerxXx|no...no!!!\n|\n|t:|1685362655\n|switch|p2a: Solgaleo|Solgaleo, L72|316/316\n|turn|19\n|\n|t:|1685362662\n|move|p2a: Solgaleo|Knock Off|p1a: Exploud\n|-damage|p1a: Exploud|88/312\n|-enditem|p1a: Exploud|Choice Specs|[from] move: Knock Off|[of] p2a: Solgaleo\n|move|p1a: Exploud|Focus Blast|p2a: Solgaleo\n|-damage|p2a: Solgaleo|226/316\n|\n|upkeep\n|turn|20\n|\n|t:|1685362670\n|-start|p2a: Solgaleo|Dynamax|\n|-heal|p2a: Solgaleo|452/632|[silent]\n|move|p2a: Solgaleo|Max Steelspike|p1a: Exploud\n|-damage|p1a: Exploud|0 fnt\n|-boost|p2a: Solgaleo|def|1\n|faint|p1a: Exploud\n|\n|upkeep\n|\n|t:|1685362673\n|switch|p1a: Sableye|Sableye, L88, F|231/231\n|-damage|p1a: Sableye|203/231|[from] Stealth Rock\n|turn|21\n|\n|t:|1685362678\n|move|p1a: Sableye|Will-O-Wisp|p2a: Solgaleo\n|-status|p2a: Solgaleo|brn\n|move|p2a: Solgaleo|Max Steelspike|p1a: Sableye\n|-damage|p1a: Sableye|134/231\n|-boost|p2a: Solgaleo|def|1\n|\n|-heal|p1a: Sableye|148/231|[from] item: Leftovers\n|-damage|p2a: Solgaleo|433/632 brn|[from] brn\n|upkeep\n|turn|22\n|\n|t:|1685362683\n|move|p1a: Sableye|Recover|p1a: Sableye\n|-heal|p1a: Sableye|231/231\n|move|p2a: Solgaleo|Max Steelspike|p1a: Sableye\n|-damage|p1a: Sableye|159/231\n|-boost|p2a: Solgaleo|def|1\n|\n|-heal|p1a: Sableye|173/231|[from] item: Leftovers\n|-damage|p2a: Solgaleo|414/632 brn|[from] brn\n|upkeep\n|-end|p2a: Solgaleo|Dynamax\n|-heal|p2a: Solgaleo|207/316 brn|[silent]\n|turn|23\n|\n|t:|1685362687\n|move|p1a: Sableye|Recover|p1a: Sableye\n|-heal|p1a: Sableye|231/231\n|move|p2a: Solgaleo|Sunsteel Strike|p1a: Sableye\n|-damage|p1a: Sableye|172/231\n|\n|-heal|p1a: Sableye|186/231|[from] item: Leftovers\n|-damage|p2a: Solgaleo|188/316 brn|[from] brn\n|upkeep\n|turn|24\n|\n|t:|1685362692\n|move|p1a: Sableye|Recover|p1a: Sableye\n|-heal|p1a: Sableye|231/231\n|move|p2a: Solgaleo|Flame Charge|p1a: Sableye\n|-damage|p1a: Sableye|213/231\n|-boost|p2a: Solgaleo|spe|1\n|\n|-heal|p1a: Sableye|227/231|[from] item: Leftovers\n|-damage|p2a: Solgaleo|169/316 brn|[from] brn\n|upkeep\n|turn|25\n|\n|t:|1685362700\n|move|p1a: Sableye|Recover|p1a: Sableye\n|-heal|p1a: Sableye|231/231\n|move|p2a: Solgaleo|Sunsteel Strike|p1a: Sableye\n|-damage|p1a: Sableye|174/231\n|\n|-heal|p1a: Sableye|188/231|[from] item: Leftovers\n|-damage|p2a: Solgaleo|150/316 brn|[from] brn\n|upkeep\n|turn|26\n|\n|t:|1685362705\n|move|p1a: Sableye|Recover|p1a: Sableye\n|-heal|p1a: Sableye|231/231\n|move|p2a: Solgaleo|Sunsteel Strike|p1a: Sableye\n|-damage|p1a: Sableye|180/231\n|\n|-heal|p1a: Sableye|194/231|[from] item: Leftovers\n|-damage|p2a: Solgaleo|131/316 brn|[from] brn\n|upkeep\n|turn|27\n|\n|t:|1685362707\n|move|p1a: Sableye|Recover|p1a: Sableye\n|-heal|p1a: Sableye|231/231\n|move|p2a: Solgaleo|Sunsteel Strike|p1a: Sableye\n|-damage|p1a: Sableye|174/231\n|\n|-heal|p1a: Sableye|188/231|[from] item: Leftovers\n|-damage|p2a: Solgaleo|112/316 brn|[from] brn\n|upkeep\n|turn|28\n|\n|t:|1685362709\n|move|p1a: Sableye|Recover|p1a: Sableye\n|-heal|p1a: Sableye|231/231\n|move|p2a: Solgaleo|Sunsteel Strike|p1a: Sableye\n|-damage|p1a: Sableye|174/231\n|\n|-heal|p1a: Sableye|188/231|[from] item: Leftovers\n|-damage|p2a: Solgaleo|93/316 brn|[from] brn\n|upkeep\n|turn|29\n|c|\u2606xXxdarktrainerxXx|No...:! NO!!! NOOOOO!!!!OO!O!O!OooO!O!O!O!OOO!Oo!OO!O!O\n|\n|t:|1685362714\n|move|p1a: Sableye|Recover|p1a: Sableye\n|-heal|p1a: Sableye|231/231\n|move|p2a: Solgaleo|Knock Off|p1a: Sableye\n|-damage|p1a: Sableye|196/231\n|-enditem|p1a: Sableye|Leftovers|[from] move: Knock Off|[of] p2a: Solgaleo\n|\n|-damage|p2a: Solgaleo|74/316 brn|[from] brn\n|upkeep\n|turn|30\n|\n|t:|1685362717\n|move|p1a: Sableye|Recover|p1a: Sableye\n|-heal|p1a: Sableye|231/231\n|move|p2a: Solgaleo|Knock Off|p1a: Sableye\n|-damage|p1a: Sableye|206/231\n|\n|-damage|p2a: Solgaleo|55/316 brn|[from] brn\n|upkeep\n|turn|31\n|\n|t:|1685362718\n|move|p1a: Sableye|Recover|p1a: Sableye\n|-heal|p1a: Sableye|231/231\n|move|p2a: Solgaleo|Knock Off|p1a: Sableye\n|-damage|p1a: Sableye|207/231\n|\n|-damage|p2a: Solgaleo|36/316 brn|[from] brn\n|upkeep\n|turn|32\n|c|\u2606xXxdarktrainerxXx|AAAAhhhhhh IiiiM mEEEEElllTiiiiiinnNG NoOOOOooO!O!!\n|\n|t:|1685362729\n|move|p1a: Sableye|Recover|p1a: Sableye\n|-heal|p1a: Sableye|231/231\n|move|p2a: Solgaleo|Knock Off|p1a: Sableye\n|-damage|p1a: Sableye|208/231\n|\n|-damage|p2a: Solgaleo|17/316 brn|[from] brn\n|upkeep\n|turn|33\n|\n|t:|1685362737\n|move|p1a: Sableye|Recover|p1a: Sableye\n|-heal|p1a: Sableye|231/231\n|move|p2a: Solgaleo|Knock Off|p1a: Sableye\n|-damage|p1a: Sableye|207/231\n|\n|-damage|p2a: Solgaleo|0 fnt|[from] brn\n|faint|p2a: Solgaleo\n|\n|win|norespectwtsvr\n|upkeep\n|raw|norespectwtsvr's rating: 1566 &rarr; <strong>1582</strong><br />(+16 for winning)\n|raw|xXxdarktrainerxXx's rating: 1502 &rarr; <strong>1486</strong><br />(-16 for losing)\n", "inputlog": ">version 6fec31d5a0d4498a06105aa188c9906bc0b6bf95\n>start {\"formatid\":\"gen8randombattle\",\"seed\":[50352,59483,37123,65045],\"rated\":\"Rated battle\"}\n>player p1 {\"name\":\"norespectwtsvr\",\"avatar\":\"170\",\"rating\":1566,\"seed\":[51104,28393,55804,20585]}\n>player p2 {\"name\":\"xXxdarktrainerxXx\",\"avatar\":\"red\",\"rating\":1502,\"seed\":[50293,693,33448,53248]}\n>p1 move toxic\n>p2 switch 2\n>p1 switch 5\n>p2 move raindance\n>p1 move leafblade\n>p2 move sludgebomb\n>chat \u2606xXxdarktrainerxXx|your going down...\n>p1 switch 5\n>p2 switch 6\n>p1 move toxic\n>p2 move scald\n>p1 move earthpower\n>p2 move scald\n>chat \u2606xXxdarktrainerxXx|heh heh heh...\n>p1 switch 6\n>p1 move hydropump\n>p2 switch 5\n>p1 move protect\n>p2 move fakeout\n>p1 switch 4\n>p2 move doubleedge\n>p1 move liquidation\n>p2 move doubleedge\n>chat \u2606xXxdarktrainerxXx|fall! fall to my power!\n>p1 switch 4\n>p1 move protect\n>p2 move doubleedge\n>p1 move icebeam\n>p2 move doubleedge\n>p2 switch 2\n>p1 move hydropump dynamax\n>p2 move closecombat\n>p1 move gunkshot dynamax\n>p2 move earthquake\n>chat \u2606xXxdarktrainerxXx|heh heh heh...\n>p1 switch 3\n>p2 switch 5\n>p1 move focusblast\n>p2 move stealthrock\n>p1 move focusblast\n>p2 switch 3\n>p1 move focusblast\n>p2 move darkpulse\n>p1 move focusblast\n>p2 move darkpulse\n>chat \u2606xXxdarktrainerxXx|what...=\n>p2 switch 3\n>p1 move focusblast\n>p2 move scald\n>chat \u2606xXxdarktrainerxXx|no...no!!!\n>p2 switch 4\n>p1 move focusblast\n>p2 move knockoff\n>p1 move fireblast\n>p2 move sunsteelstrike dynamax\n>p1 switch 2\n>p1 move willowisp\n>p2 move sunsteelstrike dynamax\n>p1 move recover\n>p2 move sunsteelstrike dynamax\n>p1 move recover\n>p2 move sunsteelstrike\n>p1 move recover\n>p2 move flamecharge\n>p1 move recover\n>p2 move sunsteelstrike\n>p1 move recover\n>p2 move sunsteelstrike\n>p1 move recover\n>p2 move sunsteelstrike\n>p1 move recover\n>p2 move sunsteelstrike\n>chat \u2606xXxdarktrainerxXx|No...:! NO!!! NOOOOO!!!!OO!O!O!OooO!O!O!O!OOO!Oo!OO!O!O\n>p1 move recover\n>p2 move knockoff\n>p1 move recover\n>p2 move knockoff\n>p1 move recover\n>p2 move knockoff\n>chat \u2606xXxdarktrainerxXx|AAAAhhhhhh IiiiM mEEEEElllTiiiiiinnNG NoOOOOooO!O!!\n>p1 move recover\n>p2 move knockoff\n>p1 move recover\n>p2 move knockoff", "uploadtime": 1685362743, "views": 4, "p1id": "norespectwtsvr", "p2id": "xxxdarktrainerxxx", "formatid": "gen8randombattle", "rating": 1486, "private": 0, "password": ""}