|j|☆trying_toget_tough
|j|☆SpongeOde
|t:|1685376095
|gametype|singles
|player|p1|trying_toget_tough|265|1423
|player|p2|SpongeOde|rood|1277
|teamsize|p1|6
|teamsize|p2|6
|gen|8
|tier|[Gen 8] Random Battle
|rated|
|rule|Species Clause: Limit one of each Pokémon
|rule|HP Percentage Mod: HP is shown in percentages
|rule|Sleep Clause Mod: Limit one foe put to sleep
|
|t:|1685376095
|start
|switch|p1a: Pinsir|Pinsir, L84, F|246/246
|switch|p2a: Dragapult|Dragapult, L78, F|265/265
|-ability|p1a: Pinsir|Mold Breaker
|turn|1
|inactive|Battle timer is ON: inactive players will automatically lose when time's up. (requested by trying_toget_tough)
|inactive|SpongeOde has 120 seconds left.
|
|t:|1685376167
|move|p2a: Dragapult|Fire Blast|p1a: Pinsir
|-supereffective|p1a: Pinsir
|-enditem|p1a: Pinsir|Focus Sash
|-damage|p1a: Pinsir|1/246
|-status|p1a: Pinsir|brn
|move|p1a: Pinsir|Stealth Rock|p2a: Dragapult
|-sidestart|p2: SpongeOde|move: Stealth Rock
|
|-damage|p1a: Pinsir|0 fnt|[from] brn
|faint|p1a: Pinsir
|upkeep
|
|t:|1685376193
|switch|p1a: Tornadus|Tornadus-Therian, L78, M|251/251
|turn|2
|
|t:|1685376222
|switch|p2a: Ninetales|Ninetales-Alola, L79, M|245/245
|-weather|Hail|[from] ability: Snow Warning|[of] p2a: Ninetales
|move|p1a: Tornadus|Knock Off|p2a: Ninetales
|-resisted|p2a: Ninetales
|-damage|p2a: Ninetales|208/245
|-enditem|p2a: Ninetales|Heavy-Duty Boots|[from] move: Knock Off|[of] p1a: Tornadus
|
|-weather|Hail|[upkeep]
|-damage|p1a: Tornadus|236/251|[from] Hail
|upkeep
|turn|3
|inactive|SpongeOde has 120 seconds left.
|
|t:|1685376255
|move|p1a: Tornadus|U-turn|p2a: Ninetales
|-resisted|p2a: Ninetales
|-damage|p2a: Ninetales|184/245
|inactive|trying_toget_tough has 120 seconds left.
|
|t:|1685376274
|switch|p1a: Golduck|Golduck, L86, M|278/278|[from] U-turn
|move|p2a: Ninetales|Blizzard|p1a: Golduck
|-resisted|p1a: Golduck
|-damage|p1a: Golduck|233/278
|
|-weather|Hail|[upkeep]
|-damage|p1a: Golduck|216/278|[from] Hail
|upkeep
|turn|4
|inactive|SpongeOde has 90 seconds left.
|
|t:|1685376317
|switch|p2a: Dragapult|Dragapult, L78, F|265/265
|-damage|p2a: Dragapult|232/265|[from] Stealth Rock
|move|p1a: Golduck|Calm Mind|p1a: Golduck
|-boost|p1a: Golduck|spa|1
|-boost|p1a: Golduck|spd|1
|
|-weather|Hail|[upkeep]
|-damage|p2a: Dragapult|216/265|[from] Hail
|-damage|p1a: Golduck|199/278|[from] Hail
|upkeep
|turn|5
|inactive|trying_toget_tough has 120 seconds left.
|
|t:|1685376332
|move|p2a: Dragapult|Thunderbolt|p1a: Golduck
|-supereffective|p1a: Golduck
|-damage|p1a: Golduck|87/278
|move|p1a: Golduck|Ice Beam|p2a: Dragapult
|-supereffective|p2a: Dragapult
|-damage|p2a: Dragapult|0 fnt
|faint|p2a: Dragapult
|-damage|p1a: Golduck|60/278|[from] item: Life Orb
|
|-weather|Hail|[upkeep]
|-damage|p1a: Golduck|43/278|[from] Hail
|upkeep
|inactive|SpongeOde has 60 seconds left.
|
|t:|1685376380
|switch|p2a: Greedent|Greedent, L84, M|339/339
|-damage|p2a: Greedent|297/339|[from] Stealth Rock
|turn|6
|inactive|SpongeOde has 30 seconds left.
|
|t:|1685376401
|move|p1a: Golduck|Scald|p2a: Greedent
|-damage|p2a: Greedent|114/339
|-enditem|p2a: Greedent|Sitrus Berry|[eat]
|-heal|p2a: Greedent|198/339|[from] item: Sitrus Berry
|-heal|p2a: Greedent|311/339|[from] ability: Cheek Pouch
|-damage|p1a: Golduck|16/278|[from] item: Life Orb
|move|p2a: Greedent|Payback|p1a: Golduck
|-damage|p1a: Golduck|0 fnt
|faint|p1a: Golduck
|
|-weather|none
|upkeep
|inactive|trying_toget_tough has 120 seconds left.
|
|t:|1685376426
|switch|p1a: Excadrill|Excadrill, L78, M|300/300
|turn|7
|inactive|SpongeOde has 30 seconds left.
|inactive|SpongeOde has 20 seconds left.
|
|t:|1685376456
|switch|p2a: Weezing|Weezing-Galar, L86, F|252/252
|-damage|p2a: Weezing|221/252|[from] Stealth Rock
|move|p1a: Excadrill|Swords Dance|p1a: Excadrill
|-boost|p1a: Excadrill|atk|2
|
|-heal|p2a: Weezing|236/252|[from] item: Black Sludge
|upkeep
|turn|8
|inactive|SpongeOde has 30 seconds left this turn.
|inactive|trying_toget_tough has 120 seconds left.
|inactive|SpongeOde has 20 seconds left.
|
|t:|1685376471
|move|p1a: Excadrill|Iron Head|p2a: Weezing
|-supereffective|p2a: Weezing
|-damage|p2a: Weezing|0 fnt
|faint|p2a: Weezing
|-damage|p1a: Excadrill|270/300|[from] item: Life Orb
|
|upkeep
|inactive|SpongeOde has 25 seconds left this turn.
|inactive|SpongeOde has 20 seconds left.
|inactive|SpongeOde has 15 seconds left.
|inactive|SpongeOde has 10 seconds left.
|
|t:|1685376490
|switch|p2a: Palkia|Palkia, L74|255/255
|-damage|p2a: Palkia|224/255|[from] Stealth Rock
|-ability|p2a: Palkia|Pressure
|turn|9
|inactive|SpongeOde has 20 seconds left this turn.
|inactive|SpongeOde has 15 seconds left.
|inactive|trying_toget_tough has 120 seconds left.
|
|t:|1685376515
|switch|p1a: Spiritomb|Spiritomb, L88, F|231/231
|move|p2a: Palkia|Hydro Pump|p1a: Spiritomb
|-damage|p1a: Spiritomb|99/231
|
|upkeep
|turn|10
|inactive|SpongeOde has 25 seconds left this turn.
|inactive|SpongeOde has 20 seconds left.
|inactive|SpongeOde has 15 seconds left.
|
|t:|1685376527
|move|p1a: Spiritomb|Sucker Punch|p2a: Palkia
|-damage|p2a: Palkia|97/255
|move|p2a: Palkia|Hydro Pump|p1a: Spiritomb|[miss]
|-miss|p2a: Palkia|p1a: Spiritomb
|
|upkeep
|turn|11
|inactive|SpongeOde has 25 seconds left this turn.
|inactive|trying_toget_tough has 120 seconds left.
|inactive|SpongeOde has 20 seconds left.
|inactive|SpongeOde has 15 seconds left.
|
|t:|1685376538
|move|p1a: Spiritomb|Sucker Punch|p2a: Palkia
|-damage|p2a: Palkia|0 fnt
|faint|p2a: Palkia
|
|upkeep
|inactive|SpongeOde has 20 seconds left this turn.
|inactive|SpongeOde has 15 seconds left.
|inactive|SpongeOde has 10 seconds left.
|
|t:|1685376549
|switch|p2a: Ninetales|Ninetales-Alola, L79, M|184/245
|-damage|p2a: Ninetales|123/245|[from] Stealth Rock
|-weather|Hail|[from] ability: Snow Warning|[of] p2a: Ninetales
|turn|12
|inactive|SpongeOde has 20 seconds left this turn.
|inactive|SpongeOde has 15 seconds left.
|
|t:|1685376557
|switch|p1a: Electivire|Electivire, L82, M|257/257
|move|p2a: Ninetales|Blizzard|p1a: Electivire
|-damage|p1a: Electivire|161/257
|
|-weather|Hail|[upkeep]
|-damage|p1a: Electivire|145/257|[from] Hail
|upkeep
|turn|13
|inactive|SpongeOde has 25 seconds left this turn.
|inactive|SpongeOde has 20 seconds left.
|inactive|SpongeOde has 15 seconds left.
|
|t:|1685376568
|move|p2a: Ninetales|Blizzard|p1a: Electivire
|-damage|p1a: Electivire|52/257
|move|p1a: Electivire|Flamethrower|p2a: Ninetales
|-supereffective|p2a: Ninetales
|-damage|p2a: Ninetales|0 fnt
|faint|p2a: Ninetales
|-damage|p1a: Electivire|27/257|[from] item: Life Orb
|
|-weather|Hail|[upkeep]
|-damage|p1a: Electivire|11/257|[from] Hail
|upkeep
|inactive|SpongeOde has 20 seconds left this turn.
|inactive|SpongeOde has 15 seconds left.
|inactive|SpongeOde has 10 seconds left.
|
|t:|1685376583
|switch|p2a: Genesect|Genesect-Douse, L74|227/227
|-damage|p2a: Genesect|199/227|[from] Stealth Rock
|-ability|p2a: Genesect|Download|boost
|-boost|p2a: Genesect|atk|1
|turn|14
|inactive|SpongeOde has 20 seconds left this turn.
|inactive|SpongeOde has 15 seconds left.
|
|t:|1685376591
|move|p2a: Genesect|Extreme Speed|p1a: Electivire
|-damage|p1a: Electivire|0 fnt
|faint|p1a: Electivire
|
|-weather|Hail|[upkeep]
|-damage|p2a: Genesect|185/227|[from] Hail
|upkeep
|inactive|SpongeOde has 20 seconds left this turn.
|
|t:|1685376603
|switch|p1a: Excadrill|Excadrill, L78, M|270/300
|turn|15
|inactive|SpongeOde has 30 seconds left this turn.
|
|t:|1685376609
|-start|p1a: Excadrill|Dynamax|
|-heal|p1a: Excadrill|540/600|[silent]
|move|p2a: Genesect|Techno Blast|p1a: Excadrill
|-supereffective|p1a: Excadrill
|-damage|p1a: Excadrill|348/600
|move|p1a: Excadrill|Max Quake|p2a: Genesect
|-damage|p2a: Genesect|0 fnt
|-boost|p1a: Excadrill|spd|1
|faint|p2a: Genesect
|-damage|p1a: Excadrill|318/600|[from] item: Life Orb
|
|-weather|Hail|[upkeep]
|-damage|p1a: Excadrill|300/600|[from] Hail
|upkeep
|inactive|SpongeOde has 30 seconds left this turn.
|inactive|SpongeOde has 20 seconds left.
|
|t:|1685376622
|switch|p2a: Greedent|Greedent, L84, M|311/339
|-damage|p2a: Greedent|269/339|[from] Stealth Rock
|turn|16
|inactive|SpongeOde has 30 seconds left this turn.
|
|t:|1685376636
|-start|p2a: Greedent|Dynamax|
|-heal|p2a: Greedent|538/678|[silent]
|move|p2a: Greedent|Max Guard|p2a: Greedent
|-singleturn|p2a: Greedent|Max Guard
|move|p1a: Excadrill|Max Steelspike|p2a: Greedent
|-activate|p2a: Greedent|move: Max Guard
|
|-weather|none
|upkeep
|turn|17
|inactive|SpongeOde has 30 seconds left.
|
|t:|1685376649
|move|p1a: Excadrill|Max Steelspike|p2a: Greedent
|-damage|p2a: Greedent|330/678
|-boost|p1a: Excadrill|def|1
|-damage|p1a: Excadrill|270/600|[from] item: Life Orb
|move|p2a: Greedent|Max Quake|p1a: Excadrill
|-supereffective|p1a: Excadrill
|-damage|p1a: Excadrill|88/600
|-boost|p2a: Greedent|spd|1
|
|upkeep
|-end|p1a: Excadrill|Dynamax
|-heal|p1a: Excadrill|44/300|[silent]
|turn|18
|inactive|SpongeOde has 30 seconds left.
|inactive|SpongeOde has 20 seconds left.
|
|t:|1685376669
|move|p1a: Excadrill|Iron Head|p2a: Greedent
|-damage|p2a: Greedent|205/678
|-damage|p1a: Excadrill|14/300|[from] item: Life Orb
|move|p2a: Greedent|Max Quake|p1a: Excadrill
|-supereffective|p1a: Excadrill
|-damage|p1a: Excadrill|0 fnt
|-boost|p2a: Greedent|spd|1
|faint|p1a: Excadrill
|
|upkeep
|inactive|SpongeOde has 25 seconds left this turn.
|inactive|trying_toget_tough has 120 seconds left.
|
|t:|1685376699
|switch|p1a: Spiritomb|Spiritomb, L88, F|99/231
|-end|p2a: Greedent|Dynamax
|-heal|p2a: Greedent|103/339|[silent]
|turn|19
|inactive|SpongeOde has 30 seconds left.
|
|t:|1685376709
|move|p1a: Spiritomb|Foul Play|p2a: Greedent
|-damage|p2a: Greedent|0 fnt
|faint|p2a: Greedent
|
|win|trying_toget_tough
|inactive|SpongeOde has 30 seconds left this turn.
|raw|trying_toget_tough's rating: 1423 &rarr; <strong>1435</strong><br />(+12 for winning)
|raw|SpongeOde's rating: 1277 &rarr; <strong>1262</strong><br />(-15 for losing)
|l|☆SpongeOde
