|j|☆John there
|j|☆tfjfjfhkfhvh
|t:|1685394525
|gametype|singles
|player|p1|John there|101|1075
|player|p2|tfjfjfhkfhvh|101|1065
|teamsize|p1|6
|teamsize|p2|6
|gen|8
|tier|[Gen 8] Random Battle
|rated|
|rule|Species Clause: Limit one of each Pokémon
|rule|HP Percentage Mod: HP is shown in percentages
|rule|Sleep Clause Mod: Limit one foe put to sleep
|
|t:|1685394525
|start
|switch|p1a: Obstagoon|Obstagoon, L80, F|280/280
|switch|p2a: Unfezant|Unfezant, L84, M|271/271
|turn|1
|
|t:|1685394536
|move|p2a: Unfezant|U-turn|p1a: Obstagoon
|-supereffective|p1a: Obstagoon
|-crit|p1a: Obstagoon
|-damage|p1a: Obstagoon|108/280
|
|t:|1685394548
|switch|p2a: Cinccino|Cinccino, L84, F|263/263|[from] U-turn
|move|p1a: Obstagoon|Bulk Up|p1a: Obstagoon
|-boost|p1a: Obstagoon|atk|1
|-boost|p1a: Obstagoon|def|1
|
|-status|p1a: Obstagoon|brn|[from] item: Flame Orb
|upkeep
|turn|2
|
|t:|1685394579
|move|p2a: Cinccino|U-turn|p1a: Obstagoon
|-supereffective|p1a: Obstagoon
|-damage|p1a: Obstagoon|8/280 brn
|
|t:|1685394587
|switch|p2a: Sandslash|Sandslash-Alola, L86, F|269/269|[from] U-turn
|move|p1a: Obstagoon|Close Combat|p2a: Sandslash
|-supereffective|p2a: Sandslash
|-damage|p2a: Sandslash|0 fnt
|-unboost|p1a: Obstagoon|def|1
|-unboost|p1a: Obstagoon|spd|1
|faint|p2a: Sandslash
|
|-damage|p1a: Obstagoon|0 fnt|[from] brn
|faint|p1a: Obstagoon
|upkeep
|
|t:|1685394606
|switch|p1a: Giratina|Giratina, L74|344/344
|switch|p2a: Cinccino|Cinccino, L84, F|263/263
|-ability|p1a: Giratina|Pressure
|turn|3
|
|t:|1685394623
|move|p2a: Cinccino|Knock Off|p1a: Giratina
|-supereffective|p1a: Giratina
|-damage|p1a: Giratina|158/344
|-enditem|p1a: Giratina|Leftovers|[from] move: Knock Off|[of] p2a: Cinccino
|move|p1a: Giratina|Toxic|p2a: Cinccino
|-status|p2a: Cinccino|tox
|
|-damage|p2a: Cinccino|247/263 tox|[from] psn
|upkeep
|turn|4
|
|t:|1685394632
|move|p2a: Cinccino|Knock Off|p1a: Giratina
|-supereffective|p1a: Giratina
|-damage|p1a: Giratina|40/344
|move|p1a: Giratina|Rest|p1a: Giratina
|-status|p1a: Giratina|slp|[from] move: Rest
|-heal|p1a: Giratina|344/344 slp|[silent]
|
|-damage|p2a: Cinccino|215/263 tox|[from] psn
|upkeep
|turn|5
|
|t:|1685394641
|switch|p2a: Zygarde|Zygarde, L70|267/267
|cant|p1a: Giratina|slp
|move|p1a: Giratina|Sleep Talk|p1a: Giratina
|move|p1a: Giratina|Rest||[from]move: Sleep Talk|[still]
|-fail|p1a: Giratina
|
|upkeep
|turn|6
|
|t:|1685394648
|cant|p1a: Giratina|slp
|move|p1a: Giratina|Sleep Talk|p1a: Giratina
|move|p1a: Giratina|Hex|p2a: Zygarde|[from]move: Sleep Talk
|-damage|p2a: Zygarde|207/267
|move|p2a: Zygarde|Dragon Dance|p2a: Zygarde
|-boost|p2a: Zygarde|atk|1
|-boost|p2a: Zygarde|spe|1
|
|-heal|p2a: Zygarde|223/267|[from] item: Leftovers
|upkeep
|turn|7
|
|t:|1685394657
|move|p2a: Zygarde|Substitute|p2a: Zygarde
|-start|p2a: Zygarde|Substitute
|-damage|p2a: Zygarde|157/267
|-curestatus|p1a: Giratina|slp|[msg]
|move|p1a: Giratina|Sleep Talk||[still]
|-fail|p1a: Giratina
|
|-heal|p2a: Zygarde|173/267|[from] item: Leftovers
|upkeep
|turn|8
|
|t:|1685394666
|move|p2a: Zygarde|Dragon Dance|p2a: Zygarde
|-boost|p2a: Zygarde|atk|1
|-boost|p2a: Zygarde|spe|1
|move|p1a: Giratina|Hex|p2a: Zygarde
|-activate|p2a: Zygarde|move: Substitute|[damage]
|
|-heal|p2a: Zygarde|189/267|[from] item: Leftovers
|upkeep
|turn|9
|
|t:|1685394674
|move|p2a: Zygarde|Dragon Dance|p2a: Zygarde
|-boost|p2a: Zygarde|atk|1
|-boost|p2a: Zygarde|spe|1
|move|p1a: Giratina|Hex|p2a: Zygarde
|-end|p2a: Zygarde|Substitute
|
|-heal|p2a: Zygarde|205/267|[from] item: Leftovers
|upkeep
|turn|10
|
|t:|1685394683
|move|p2a: Zygarde|Substitute|p2a: Zygarde
|-start|p2a: Zygarde|Substitute
|-damage|p2a: Zygarde|139/267
|move|p1a: Giratina|Toxic||[still]
|-fail|p1a: Giratina
|
|-heal|p2a: Zygarde|155/267|[from] item: Leftovers
|upkeep
|turn|11
|
|t:|1685394691
|move|p2a: Zygarde|Dragon Dance|p2a: Zygarde
|-boost|p2a: Zygarde|atk|1
|-boost|p2a: Zygarde|spe|1
|move|p1a: Giratina|Hex|p2a: Zygarde
|-activate|p2a: Zygarde|move: Substitute|[damage]
|
|-heal|p2a: Zygarde|171/267|[from] item: Leftovers
|upkeep
|turn|12
|
|t:|1685394698
|move|p2a: Zygarde|Dragon Dance|p2a: Zygarde
|-boost|p2a: Zygarde|atk|1
|-boost|p2a: Zygarde|spe|1
|move|p1a: Giratina|Hex|p2a: Zygarde
|-end|p2a: Zygarde|Substitute
|
|-heal|p2a: Zygarde|187/267|[from] item: Leftovers
|upkeep
|turn|13
|
|t:|1685394705
|move|p2a: Zygarde|Substitute|p2a: Zygarde
|-start|p2a: Zygarde|Substitute
|-damage|p2a: Zygarde|121/267
|move|p1a: Giratina|Toxic||[still]
|-fail|p1a: Giratina
|
|-heal|p2a: Zygarde|137/267|[from] item: Leftovers
|upkeep
|turn|14
|
|t:|1685394712
|move|p2a: Zygarde|Dragon Dance|p2a: Zygarde
|-boost|p2a: Zygarde|atk|1
|-boost|p2a: Zygarde|spe|1
|move|p1a: Giratina|Hex|p2a: Zygarde
|-activate|p2a: Zygarde|move: Substitute|[damage]
|
|-heal|p2a: Zygarde|153/267|[from] item: Leftovers
|upkeep
|turn|15
|
|t:|1685394720
|move|p2a: Zygarde|Outrage|p1a: Giratina
|-supereffective|p1a: Giratina
|-damage|p1a: Giratina|0 fnt
|faint|p1a: Giratina
|
|-heal|p2a: Zygarde|169/267|[from] item: Leftovers
|upkeep
|
|t:|1685394752
|switch|p1a: Victini|Victini, L78|283/283
|turn|16
|
|t:|1685394772
|move|p2a: Zygarde|Outrage|p1a: Victini|[from]lockedmove
|-damage|p1a: Victini|0 fnt
|faint|p1a: Victini
|-start|p2a: Zygarde|confusion|[fatigue]
|
|-heal|p2a: Zygarde|185/267|[from] item: Leftovers
|upkeep
|
|t:|1685394779
|switch|p1a: Stoutland|Stoutland, L86, M|286/286
|-ability|p1a: Stoutland|Intimidate|boost
|-immune|p2a: Zygarde
|turn|17
|
|t:|1685394793
|-start|p1a: Stoutland|Dynamax|
|-heal|p1a: Stoutland|572/572|[silent]
|-activate|p2a: Zygarde|confusion
|move|p2a: Zygarde|Outrage|p1a: Stoutland
|-damage|p1a: Stoutland|191/572
|move|p1a: Stoutland|Max Starfall|p2a: Zygarde
|-supereffective|p2a: Zygarde
|-end|p2a: Zygarde|Substitute
|-fieldstart|move: Misty Terrain
|
|-heal|p2a: Zygarde|201/267|[from] item: Leftovers
|upkeep
|turn|18
|
|t:|1685394810
|-activate|p2a: Zygarde|confusion
|move|p2a: Zygarde|Outrage|p1a: Stoutland|[from]lockedmove
|-damage|p1a: Stoutland|23/572
|move|p1a: Stoutland|Max Starfall|p2a: Zygarde
|-supereffective|p2a: Zygarde
|-damage|p2a: Zygarde|1/267
|
|-heal|p2a: Zygarde|17/267|[from] item: Leftovers
|-activate|p2a: Zygarde|ability: Power Construct
|detailschange|p2a: Zygarde|Zygarde-Complete, L70
|-heal|p2a: Zygarde|168/418|[silent]
|upkeep
|turn|19
|
|t:|1685394822
|-activate|p2a: Zygarde|confusion
|move|p2a: Zygarde|Thousand Arrows|p1a: Stoutland
|-damage|p1a: Stoutland|0 fnt
|faint|p1a: Stoutland
|
|-heal|p2a: Zygarde|194/418|[from] item: Leftovers
|upkeep
|c|☆John there|wtf
|
|t:|1685394830
|switch|p1a: Trevenant|Trevenant, L86, M|286/286
|turn|20
|
|t:|1685394847
|-activate|p2a: Zygarde|confusion
|move|p2a: Zygarde|Substitute|p2a: Zygarde
|-start|p2a: Zygarde|Substitute
|-damage|p2a: Zygarde|90/418
|move|p1a: Trevenant|Wood Hammer|p2a: Zygarde
|-end|p2a: Zygarde|Substitute
|-damage|p1a: Trevenant|252/286|[from] Recoil|[of] p2a: Zygarde
|
|-heal|p2a: Zygarde|116/418|[from] item: Leftovers
|upkeep
|turn|21
|
|t:|1685394856
|-end|p2a: Zygarde|confusion
|move|p2a: Zygarde|Substitute|p2a: Zygarde
|-start|p2a: Zygarde|Substitute
|-damage|p2a: Zygarde|12/418
|move|p1a: Trevenant|Wood Hammer|p2a: Zygarde
|-end|p2a: Zygarde|Substitute
|-damage|p1a: Trevenant|218/286|[from] Recoil|[of] p2a: Zygarde
|
|-heal|p2a: Zygarde|38/418|[from] item: Leftovers
|-fieldend|Misty Terrain
|upkeep
|turn|22
|
|t:|1685394866
|move|p2a: Zygarde|Outrage|p1a: Trevenant
|-damage|p1a: Trevenant|0 fnt
|faint|p1a: Trevenant
|
|-heal|p2a: Zygarde|64/418|[from] item: Leftovers
|upkeep
|
|t:|1685394872
|switch|p1a: Haxorus|Haxorus, L77, M|244/244
|-ability|p1a: Haxorus|Mold Breaker
|turn|23
|
|t:|1685394878
|move|p2a: Zygarde|Outrage|p1a: Haxorus|[from]lockedmove
|-supereffective|p1a: Haxorus
|-damage|p1a: Haxorus|0 fnt
|faint|p1a: Haxorus
|-start|p2a: Zygarde|confusion|[fatigue]
|
|win|tfjfjfhkfhvh
|raw|John there's rating: 1075 &rarr; <strong>1053</strong><br />(-22 for losing)
|raw|tfjfjfhkfhvh's rating: 1065 &rarr; <strong>1096</strong><br />(+31 for winning)
|l|☆John there
