|j|☆conje
|j|☆Seiyajelol
|t:|1685118384
|gametype|singles
|player|p1|conje|266|1000
|player|p2|Seiyajelol|2|1000
|teamsize|p1|6
|teamsize|p2|6
|gen|8
|tier|[Gen 8] Random Battle
|rated|
|rule|Species Clause: Limit one of each Pokémon
|rule|HP Percentage Mod: HP is shown in percentages
|rule|Sleep Clause Mod: Limit one foe put to sleep
|
|t:|1685118384
|start
|switch|p1a: Terrakion|Terrakion, L78|270/270
|switch|p2a: Zeraora|Zeraora, L76|259/259
|turn|1
|
|t:|1685118399
|move|p2a: Zeraora|Plasma Fists|p1a: Terrakion
|-damage|p1a: Terrakion|136/270
|-fieldactivate|move: Ion Deluge
|-hint|Normal-type moves become Electric-type after using Plasma Fists.
|-damage|p2a: Zeraora|234/259|[from] item: Life Orb
|move|p1a: Terrakion|Earthquake|p2a: Zeraora
|-supereffective|p2a: Zeraora
|-damage|p2a: Zeraora|0 fnt
|faint|p2a: Zeraora
|-damage|p1a: Terrakion|109/270|[from] item: Life Orb
|
|upkeep
|
|t:|1685118413
|switch|p2a: Starmie|Starmie, L84|238/238
|turn|2
|
|t:|1685118420
|move|p2a: Starmie|Scald|p1a: Terrakion
|-supereffective|p1a: Terrakion
|-damage|p1a: Terrakion|0 fnt
|faint|p1a: Terrakion
|
|upkeep
|
|t:|1685118429
|switch|p1a: Noivern|Noivern, L82, M|274/274
|turn|3
|
|t:|1685118440
|switch|p2a: Mesprit|Mesprit, L84|272/272
|move|p1a: Noivern|Hurricane|p2a: Mesprit
|-damage|p2a: Mesprit|172/272
|
|upkeep
|turn|4
|
|t:|1685118447
|move|p1a: Noivern|Hurricane|p2a: Mesprit
|-damage|p2a: Mesprit|67/272
|-start|p2a: Mesprit|confusion
|-activate|p2a: Mesprit|confusion
|move|p2a: Mesprit|Energy Ball|p1a: Noivern
|-resisted|p1a: Noivern
|-damage|p1a: Noivern|248/274
|
|upkeep
|turn|5
|
|t:|1685118460
|switch|p1a: Gigalith|Gigalith, L82, F|274/274
|-weather|Sandstorm|[from] ability: Sand Stream|[of] p1a: Gigalith
|switch|p2a: Corsola|Corsola-Galar, L84, F|238/238
|
|-weather|Sandstorm|[upkeep]
|-damage|p2a: Corsola|224/238|[from] Sandstorm
|upkeep
|turn|6
|
|t:|1685118473
|move|p2a: Corsola|Strength Sap|p1a: Gigalith
|-unboost|p1a: Gigalith|atk|1
|-heal|p2a: Corsola|238/238
|move|p1a: Gigalith|Stealth Rock|p2a: Corsola
|-sidestart|p2: Seiyajelol|move: Stealth Rock
|
|-weather|Sandstorm|[upkeep]
|-damage|p2a: Corsola|224/238|[from] Sandstorm
|upkeep
|turn|7
|
|t:|1685118484
|move|p2a: Corsola|Will-O-Wisp|p1a: Gigalith
|-status|p1a: Gigalith|brn
|move|p1a: Gigalith|Earthquake|p2a: Corsola
|-damage|p2a: Corsola|206/238
|
|-weather|Sandstorm|[upkeep]
|-damage|p2a: Corsola|192/238|[from] Sandstorm
|-damage|p1a: Gigalith|257/274 brn|[from] brn
|upkeep
|turn|8
|
|t:|1685118498
|switch|p1a: Milotic|Milotic, L82, F|290/290
|move|p2a: Corsola|Night Shade|p1a: Milotic
|-damage|p1a: Milotic|206/290
|
|-weather|Sandstorm|[upkeep]
|-damage|p1a: Milotic|188/290|[from] Sandstorm
|-damage|p2a: Corsola|178/238|[from] Sandstorm
|-heal|p1a: Milotic|206/290|[from] item: Leftovers
|upkeep
|turn|9
|
|t:|1685118510
|move|p1a: Milotic|Toxic|p2a: Corsola
|-status|p2a: Corsola|tox
|move|p2a: Corsola|Strength Sap|p1a: Milotic
|-unboost|p1a: Milotic|atk|1
|-heal|p2a: Corsola|238/238 tox
|
|-weather|none
|-heal|p1a: Milotic|224/290|[from] item: Leftovers
|-damage|p2a: Corsola|224/238 tox|[from] psn
|upkeep
|turn|10
|
|t:|1685118522
|move|p1a: Milotic|Ice Beam|p2a: Corsola
|-damage|p2a: Corsola|186/238 tox
|-start|p1a: Milotic|Disable|Ice Beam|[from] ability: Cursed Body|[of] p2a: Corsola
|move|p2a: Corsola|Night Shade|p1a: Milotic
|-damage|p1a: Milotic|140/290
|
|-heal|p1a: Milotic|158/290|[from] item: Leftovers
|-damage|p2a: Corsola|158/238 tox|[from] psn
|upkeep
|turn|11
|
|t:|1685118544
|move|p1a: Milotic|Scald|p2a: Corsola
|-damage|p2a: Corsola|112/238 tox
|move|p2a: Corsola|Will-O-Wisp|p1a: Milotic|[miss]
|-miss|p2a: Corsola|p1a: Milotic
|
|-heal|p1a: Milotic|176/290|[from] item: Leftovers
|-damage|p2a: Corsola|70/238 tox|[from] psn
|upkeep
|turn|12
|
|t:|1685118557
|move|p1a: Milotic|Scald|p2a: Corsola
|-damage|p2a: Corsola|22/238 tox
|move|p2a: Corsola|Stealth Rock|p1a: Milotic
|-sidestart|p1: conje|move: Stealth Rock
|
|-heal|p1a: Milotic|194/290|[from] item: Leftovers
|-damage|p2a: Corsola|0 fnt|[from] psn
|faint|p2a: Corsola
|upkeep
|
|t:|1685118568
|switch|p2a: Eiscue|Eiscue, L82, M|256/256
|-damage|p2a: Eiscue|192/256|[from] Stealth Rock
|turn|13
|
|t:|1685118574
|move|p1a: Milotic|Scald|p2a: Eiscue
|-damage|p2a: Eiscue|105/256
|move|p2a: Eiscue|Liquidation|p1a: Milotic
|-resisted|p1a: Milotic
|-damage|p1a: Milotic|166/290
|
|-heal|p1a: Milotic|184/290|[from] item: Leftovers
|-end|p1a: Milotic|Disable
|upkeep
|turn|14
|
|t:|1685118584
|move|p1a: Milotic|Scald|p2a: Eiscue
|-damage|p2a: Eiscue|15/256
|-enditem|p2a: Eiscue|Salac Berry|[eat]
|-boost|p2a: Eiscue|spe|1|[from] item: Salac Berry
|move|p2a: Eiscue|Icicle Crash|p1a: Milotic|[miss]
|-miss|p2a: Eiscue|p1a: Milotic
|
|-heal|p1a: Milotic|202/290|[from] item: Leftovers
|upkeep
|turn|15
|-message|Seiyajelol forfeited.
|
|win|conje
|raw|conje's rating: 1000 &rarr; <strong>1040</strong><br />(+40 for winning)
|raw|Seiyajelol's rating: 1000 &rarr; <strong>1000</strong><br />(+0 for losing)
|l|☆Seiyajelol
