|j|☆trying_toget_tough
|j|☆Noam Chimpsky
|t:|1684269595
|gametype|singles
|player|p1|trying_toget_tough|acetrainer-gen4dp|1365
|player|p2|Noam Chimpsky|giovanni|1494
|teamsize|p1|6
|teamsize|p2|6
|gen|8
|tier|[Gen 8] Random Battle
|rated|
|rule|Species Clause: Limit one of each Pokémon
|rule|HP Percentage Mod: HP is shown in percentages
|rule|Sleep Clause Mod: Limit one foe put to sleep
|
|t:|1684269595
|start
|switch|p1a: Hawlucha|Hawlucha, L80, F|256/256
|switch|p2a: Runerigus|Runerigus, L84, M|235/235
|turn|1
|inactive|Battle timer is ON: inactive players will automatically lose when time's up. (requested by Noam Chimpsky)
|
|t:|1684269612
|move|p1a: Hawlucha|Throat Chop|p2a: Runerigus
|-supereffective|p2a: Runerigus
|-damage|p2a: Runerigus|171/235
|-start|p2a: Runerigus|Throat Chop|[silent]
|-activate|p2a: Runerigus|ability: Wandering Spirit|Unburden|Wandering Spirit|[of] p1a: Hawlucha
|move|p2a: Runerigus|Stealth Rock|p1a: Hawlucha
|-sidestart|p1: trying_toget_tough|move: Stealth Rock
|
|-heal|p2a: Runerigus|185/235|[from] item: Leftovers
|upkeep
|turn|2
|
|t:|1684269633
|move|p1a: Hawlucha|Swords Dance|p1a: Hawlucha
|-boost|p1a: Hawlucha|atk|2
|move|p2a: Runerigus|Poltergeist|p1a: Hawlucha
|-activate|p1a: Hawlucha|move: Poltergeist|White Herb
|-damage|p1a: Hawlucha|130/256
|
|-heal|p2a: Runerigus|199/235|[from] item: Leftovers
|-end|p2a: Runerigus|Throat Chop|[silent]
|upkeep
|turn|3
|
|t:|1684269646
|move|p1a: Hawlucha|Brave Bird|p2a: Runerigus
|-damage|p2a: Runerigus|46/235
|-damage|p1a: Hawlucha|80/256|[from] Recoil
|move|p2a: Runerigus|Haze|p2a: Runerigus
|-clearallboost
|
|-heal|p2a: Runerigus|60/235|[from] item: Leftovers
|upkeep
|turn|4
|
|t:|1684269659
|switch|p2a: Corsola|Corsola, L93, F|272/272
|move|p1a: Hawlucha|Brave Bird|p2a: Corsola
|-resisted|p2a: Corsola
|-damage|p2a: Corsola|221/272
|-damage|p1a: Hawlucha|38/256|[from] item: Rocky Helmet|[of] p2a: Corsola
|-damage|p1a: Hawlucha|21/256|[from] Recoil
|
|upkeep
|turn|5
|
|t:|1684269669
|move|p1a: Hawlucha|Close Combat|p2a: Corsola
|-supereffective|p2a: Corsola
|-damage|p2a: Corsola|15/272
|-unboost|p1a: Hawlucha|def|1
|-unboost|p1a: Hawlucha|spd|1
|-damage|p1a: Hawlucha|0 fnt|[from] item: Rocky Helmet|[of] p2a: Corsola
|faint|p1a: Hawlucha
|move|p2a: Corsola|Recover|p2a: Corsola
|-heal|p2a: Corsola|151/272
|
|upkeep
|
|t:|1684269688
|switch|p1a: Registeel|Registeel, L83|268/268
|-damage|p1a: Registeel|252/268|[from] Stealth Rock
|turn|6
|
|t:|1684269697
|switch|p2a: Runerigus|Runerigus, L84, M|60/235
|move|p1a: Registeel|Toxic|p2a: Runerigus
|-status|p2a: Runerigus|tox
|
|-heal|p2a: Runerigus|74/235 tox|[from] item: Leftovers
|-damage|p2a: Runerigus|60/235 tox|[from] psn
|upkeep
|turn|7
|
|t:|1684269705
|switch|p1a: Slowking|Slowking, L86, F|304/304
|-damage|p1a: Slowking|266/304|[from] Stealth Rock
|move|p2a: Runerigus|Earthquake|p1a: Slowking
|-damage|p1a: Slowking|152/304
|
|-heal|p1a: Slowking|171/304|[from] item: Leftovers
|-heal|p2a: Runerigus|74/235 tox|[from] item: Leftovers
|-damage|p2a: Runerigus|46/235 tox|[from] psn
|upkeep
|turn|8
|
|t:|1684269723
|move|p1a: Slowking|Scald|p2a: Runerigus
|-supereffective|p2a: Runerigus
|-damage|p2a: Runerigus|0 fnt
|faint|p2a: Runerigus
|
|-heal|p1a: Slowking|190/304|[from] item: Leftovers
|upkeep
|
|t:|1684269730
|switch|p2a: Urshifu|Urshifu, L76, F|277/277
|turn|9
|
|t:|1684269750
|move|p2a: Urshifu|U-turn|p1a: Slowking
|-supereffective|p1a: Slowking
|-damage|p1a: Slowking|32/304
|
|t:|1684269753
|switch|p2a: Drampa|Drampa, L86, M|274/274|[from] U-turn
|move|p1a: Slowking|Toxic|p2a: Drampa
|-status|p2a: Drampa|tox
|
|-heal|p1a: Slowking|51/304|[from] item: Leftovers
|-damage|p2a: Drampa|257/274 tox|[from] psn
|upkeep
|turn|10
|
|t:|1684269767
|switch|p1a: Cofagrigus|Cofagrigus, L86, M|240/240
|-damage|p1a: Cofagrigus|210/240|[from] Stealth Rock
|move|p2a: Drampa|Hyper Voice|p1a: Cofagrigus
|-immune|p1a: Cofagrigus
|
|-heal|p2a: Drampa|274/274 tox|[from] item: Leftovers
|-heal|p1a: Cofagrigus|225/240|[from] item: Leftovers
|-damage|p2a: Drampa|240/274 tox|[from] psn
|upkeep
|turn|11
|
|t:|1684269780
|switch|p2a: Corsola|Corsola, L93, F|241/272
|move|p1a: Cofagrigus|Body Press|p2a: Corsola
|-supereffective|p2a: Corsola
|-damage|p2a: Corsola|107/272
|-damage|p1a: Cofagrigus|185/240|[from] item: Rocky Helmet|[of] p2a: Corsola
|
|-heal|p1a: Cofagrigus|200/240|[from] item: Leftovers
|upkeep
|turn|12
|
|t:|1684269788
|move|p2a: Corsola|Recover|p2a: Corsola
|-heal|p2a: Corsola|243/272
|move|p1a: Cofagrigus|Body Press|p2a: Corsola
|-supereffective|p2a: Corsola
|-damage|p2a: Corsola|97/272
|-damage|p1a: Cofagrigus|160/240|[from] item: Rocky Helmet|[of] p2a: Corsola
|
|-heal|p1a: Cofagrigus|175/240|[from] item: Leftovers
|upkeep
|turn|13
|
|t:|1684269798
|move|p2a: Corsola|Recover|p2a: Corsola
|-heal|p2a: Corsola|233/272
|move|p1a: Cofagrigus|Will-O-Wisp|p2a: Corsola
|-status|p2a: Corsola|brn
|
|-heal|p1a: Cofagrigus|190/240|[from] item: Leftovers
|-damage|p2a: Corsola|216/272 brn|[from] brn
|upkeep
|turn|14
|
|t:|1684269807
|move|p2a: Corsola|Toxic|p1a: Cofagrigus
|-status|p1a: Cofagrigus|tox
|move|p1a: Cofagrigus|Shadow Ball|p2a: Corsola
|-damage|p2a: Corsola|146/272 brn
|
|-heal|p1a: Cofagrigus|205/240 tox|[from] item: Leftovers
|-damage|p1a: Cofagrigus|190/240 tox|[from] psn
|-damage|p2a: Corsola|129/272 brn|[from] brn
|upkeep
|turn|15
|
|t:|1684269816
|move|p2a: Corsola|Recover|p2a: Corsola
|-heal|p2a: Corsola|265/272 brn
|move|p1a: Cofagrigus|Body Press|p2a: Corsola
|-supereffective|p2a: Corsola
|-damage|p2a: Corsola|127/272 brn
|-damage|p1a: Cofagrigus|150/240 tox|[from] item: Rocky Helmet|[of] p2a: Corsola
|
|-heal|p1a: Cofagrigus|165/240 tox|[from] item: Leftovers
|-damage|p1a: Cofagrigus|135/240 tox|[from] psn
|-damage|p2a: Corsola|110/272 brn|[from] brn
|upkeep
|turn|16
|
|t:|1684269828
|move|p2a: Corsola|Recover|p2a: Corsola
|-heal|p2a: Corsola|246/272 brn
|move|p1a: Cofagrigus|Body Press|p2a: Corsola
|-supereffective|p2a: Corsola
|-damage|p2a: Corsola|110/272 brn
|-damage|p1a: Cofagrigus|95/240 tox|[from] item: Rocky Helmet|[of] p2a: Corsola
|
|-heal|p1a: Cofagrigus|110/240 tox|[from] item: Leftovers
|-damage|p1a: Cofagrigus|65/240 tox|[from] psn
|-damage|p2a: Corsola|93/272 brn|[from] brn
|upkeep
|turn|17
|inactive|trying_toget_tough has 120 seconds left.
|
|t:|1684269879
|switch|p2a: Moltres|Moltres, L80|275/275
|move|p1a: Cofagrigus|Body Press|p2a: Moltres
|-resisted|p2a: Moltres
|-damage|p2a: Moltres|235/275
|
|-heal|p1a: Cofagrigus|80/240 tox|[from] item: Leftovers
|-damage|p1a: Cofagrigus|20/240 tox|[from] psn
|upkeep
|turn|18
|inactive|Noam Chimpsky has 120 seconds left.
|
|t:|1684269902
|switch|p1a: Slowking|Slowking, L86, F|152/304
|-damage|p1a: Slowking|114/304|[from] Stealth Rock
|move|p2a: Moltres|U-turn|p1a: Slowking
|-supereffective|p1a: Slowking
|-damage|p1a: Slowking|18/304
|
|t:|1684269923
|switch|p2a: Corsola|Corsola, L93, F|183/272 brn|[from] U-turn
|
|-heal|p1a: Slowking|37/304|[from] item: Leftovers
|-damage|p2a: Corsola|166/272 brn|[from] brn
|upkeep
|turn|19
|
|t:|1684269942
|switch|p1a: Cofagrigus|Cofagrigus, L86, M|20/240 tox
|-damage|p1a: Cofagrigus|0 fnt|[from] Stealth Rock
|faint|p1a: Cofagrigus
|move|p2a: Corsola|Power Gem|p1: Cofagrigus|[notarget]
|-fail|p2a: Corsola
|
|-damage|p2a: Corsola|149/272 brn|[from] brn
|upkeep
|
|t:|1684269952
|switch|p1a: Registeel|Registeel, L83|252/268
|-damage|p1a: Registeel|236/268|[from] Stealth Rock
|turn|20
|
|t:|1684269957
|move|p1a: Registeel|Body Press|p2a: Corsola
|-supereffective|p2a: Corsola
|-damage|p2a: Corsola|5/272 brn
|-damage|p1a: Registeel|192/268|[from] item: Rocky Helmet|[of] p2a: Corsola
|move|p2a: Corsola|Scald|p1a: Registeel
|-damage|p1a: Registeel|143/268
|
|-damage|p2a: Corsola|0 fnt|[from] brn
|faint|p2a: Corsola
|upkeep
|inactive|Noam Chimpsky has 120 seconds left.
|
|t:|1684269970
|switch|p2a: Moltres|Moltres, L80|235/275
|turn|21
|inactive|trying_toget_tough has 120 seconds left.
|
|t:|1684269997
|move|p2a: Moltres|Fire Blast|p1a: Registeel|[miss]
|-miss|p2a: Moltres|p1a: Registeel
|move|p1a: Registeel|Toxic|p2a: Moltres
|-status|p2a: Moltres|tox
|
|-damage|p2a: Moltres|218/275 tox|[from] psn
|upkeep
|turn|22
|
|t:|1684270005
|move|p2a: Moltres|Fire Blast|p1a: Registeel
|-supereffective|p1a: Registeel
|-damage|p1a: Registeel|0 fnt
|faint|p1a: Registeel
|
|-damage|p2a: Moltres|184/275 tox|[from] psn
|upkeep
|
|t:|1684270011
|switch|p1a: Electivire|Electivire, L82, F|257/257
|-damage|p1a: Electivire|225/257|[from] Stealth Rock
|turn|23
|
|t:|1684270030
|move|p1a: Electivire|Wild Charge|p2a: Moltres
|-supereffective|p2a: Moltres
|-damage|p2a: Moltres|0 fnt
|faint|p2a: Moltres
|-damage|p1a: Electivire|179/257|[from] Recoil
|-damage|p1a: Electivire|154/257|[from] item: Life Orb
|
|upkeep
|
|t:|1684270037
|switch|p2a: Drampa|Drampa, L86, M|240/274 tox
|turn|24
|inactive|trying_toget_tough has 120 seconds left.
|inactive|trying_toget_tough has 90 seconds left.
|
|t:|1684270075
|move|p1a: Electivire|Ice Punch|p2a: Drampa
|-supereffective|p2a: Drampa
|-damage|p2a: Drampa|76/274 tox
|-ability|p2a: Drampa|Berserk|boost
|-boost|p2a: Drampa|spa|1
|-damage|p1a: Electivire|129/257|[from] item: Life Orb
|move|p2a: Drampa|Hyper Voice|p1a: Electivire
|-damage|p1a: Electivire|0 fnt
|faint|p1a: Electivire
|
|-heal|p2a: Drampa|93/274 tox|[from] item: Leftovers
|-damage|p2a: Drampa|76/274 tox|[from] psn
|upkeep
|inactive|trying_toget_tough has 90 seconds left.
|
|t:|1684270087
|switch|p1a: Garbodor|Garbodor, L87, M|281/281
|-damage|p1a: Garbodor|246/281|[from] Stealth Rock
|turn|25
|inactive|trying_toget_tough has 90 seconds left.
|
|t:|1684270108
|move|p1a: Garbodor|Gunk Shot|p2a: Drampa|[miss]
|-miss|p1a: Garbodor|p2a: Drampa
|move|p2a: Drampa|Draco Meteor|p1a: Garbodor|[miss]
|-miss|p2a: Drampa|p1a: Garbodor
|
|-heal|p1a: Garbodor|263/281|[from] item: Black Sludge
|-heal|p2a: Drampa|93/274 tox|[from] item: Leftovers
|-damage|p2a: Drampa|59/274 tox|[from] psn
|upkeep
|turn|26
|
|t:|1684270117
|move|p1a: Garbodor|Gunk Shot|p2a: Drampa
|-damage|p2a: Drampa|0 fnt
|faint|p2a: Drampa
|
|-heal|p1a: Garbodor|280/281|[from] item: Black Sludge
|upkeep
|
|t:|1684270124
|switch|p2a: Frosmoth|Frosmoth, L82, M|249/249
|turn|27
|
|t:|1684270131
|move|p1a: Garbodor|Toxic Spikes|p2a: Frosmoth
|-sidestart|p2: Noam Chimpsky|move: Toxic Spikes
|move|p2a: Frosmoth|Quiver Dance|p2a: Frosmoth
|-boost|p2a: Frosmoth|spa|1
|-boost|p2a: Frosmoth|spd|1
|-boost|p2a: Frosmoth|spe|1
|
|-heal|p1a: Garbodor|281/281|[from] item: Black Sludge
|upkeep
|turn|28
|
|t:|1684270139
|-start|p2a: Frosmoth|Dynamax|
|-heal|p2a: Frosmoth|498/498|[silent]
|-start|p1a: Garbodor|Dynamax|Gmax
|-heal|p1a: Garbodor|562/562|[silent]
|move|p2a: Frosmoth|Max Hailstorm|p1a: Garbodor
|-crit|p1a: Garbodor
|-damage|p1a: Garbodor|207/562
|-weather|Hail
|move|p1a: Garbodor|G-Max Malodor|p2a: Frosmoth
|-damage|p2a: Frosmoth|362/498
|-status|p2a: Frosmoth|psn
|
|-weather|Hail|[upkeep]
|-damage|p1a: Garbodor|190/562|[from] Hail
|-heal|p1a: Garbodor|207/562|[from] item: Black Sludge
|-damage|p2a: Frosmoth|331/498 psn|[from] psn
|upkeep
|turn|29
|
|t:|1684270156
|move|p1a: Garbodor|Max Guard|p1a: Garbodor
|-singleturn|p1a: Garbodor|Max Guard
|move|p2a: Frosmoth|Max Hailstorm|p1a: Garbodor
|-activate|p1a: Garbodor|move: Max Guard
|
|-weather|Hail|[upkeep]
|-damage|p1a: Garbodor|190/562|[from] Hail
|-heal|p1a: Garbodor|207/562|[from] item: Black Sludge
|-damage|p2a: Frosmoth|300/498 psn|[from] psn
|upkeep
|turn|30
|
|t:|1684270168
|move|p2a: Frosmoth|Max Hailstorm|p1a: Garbodor
|-damage|p1a: Garbodor|0 fnt
|faint|p1a: Garbodor
|
|-weather|Hail|[upkeep]
|-damage|p2a: Frosmoth|269/498 psn|[from] psn
|upkeep
|
|t:|1684270174
|switch|p1a: Slowking|Slowking, L86, F|138/304
|-damage|p1a: Slowking|100/304|[from] Stealth Rock
|-end|p2a: Frosmoth|Dynamax
|-heal|p2a: Frosmoth|135/249 psn|[silent]
|turn|31
|
|t:|1684270180
|move|p2a: Frosmoth|Giga Drain|p1a: Slowking
|-supereffective|p1a: Slowking
|-damage|p1a: Slowking|0 fnt
|-heal|p2a: Frosmoth|185/249 psn|[from] drain|[of] p1a: Slowking
|faint|p1a: Slowking
|
|win|Noam Chimpsky
|raw|trying_toget_tough's rating: 1365 &rarr; <strong>1352</strong><br />(-13 for losing)
|raw|Noam Chimpsky's rating: 1494 &rarr; <strong>1507</strong><br />(+13 for winning)
