|j|☆gooeygoommii
|j|☆ClutchNightmare
|t:|1685378366
|gametype|singles
|player|p1|gooeygoommii|cynthia-masters|
|player|p2|ClutchNightmare|2|
|teamsize|p1|6
|teamsize|p2|6
|gen|8
|tier|[Gen 8] Random Battle
|rated|Tournament battle
|rule|Species Clause: Limit one of each Pokémon
|rule|HP Percentage Mod: HP is shown in percentages
|rule|Sleep Clause Mod: Limit one foe put to sleep
|rule|Camomons Mod: Pokémon have their types set to match their first two moves.
|rule|Inverse Mod: Weaknesses become resistances, while resistances and immunities become weaknesses.
|rule|Scalemons Mod: Every Pokemon's stats, barring HP, are scaled to come as close to a BST of 600 as possible
|clearpoke
|poke|p1|Emolga, L88, M|
|poke|p1|Registeel, L83|
|poke|p1|Aerodactyl, L82, F|
|poke|p1|Kyurem-Black, L73|
|poke|p1|Hydreigon, L80, M|
|poke|p1|Slurpuff, L80, M|
|poke|p2|Chandelure, L82, F|
|poke|p2|Volcanion, L80|
|poke|p2|Orbeetle, L86, F|
|poke|p2|Reuniclus, L84, M|
|poke|p2|Registeel, L83|
|poke|p2|Persian-Alola, L82, F|
|teampreview
|j|%Iolanthe
|inactive|Battle timer is ON: inactive players will automatically lose when time's up. (requested by gooeygoommii)
|
|t:|1685378384
|start
|switch|p1a: Slurpuff|Slurpuff, L80, M|262/262
|switch|p2a: Persian|Persian-Alola, L82, F|241/241
|-start|p2a: Persian|typechange|Electric/Dark|[silent]
|-start|p1a: Slurpuff|typechange|Fairy/Normal|[silent]
|-start|p1a: Slurpuff|typechange|Fairy/Normal|[silent]
|-start|p2a: Persian|typechange|Electric/Dark|[silent]
|turn|1
|l|%Iolanthe
|c|☆ClutchNightmare|forgot about gen8 slurpuff fuck that thing
|
|t:|1685378408
|switch|p1a: Emolga|Emolga, L88, M|240/240
|-start|p1a: Emolga|typechange|Flying/Poison|[silent]
|move|p2a: Persian|Dark Pulse|p1a: Emolga
|-damage|p1a: Emolga|158/240
|
|upkeep
|-start|p1a: Emolga|typechange|Flying/Poison|[silent]
|turn|2
|c|☆ClutchNightmare|plz plz die
|c|☆ClutchNightmare|ok good
|
|t:|1685378430
|switch|p2a: Reuniclus|Reuniclus, L84, M|322/322
|-start|p2a: Reuniclus|typechange|Psychic|[silent]
|move|p1a: Emolga|Toxic|p2a: Reuniclus
|-status|p2a: Reuniclus|tox
|
|upkeep
|turn|3
|
|t:|1685378440
|switch|p1a: Registeel|Registeel, L83|268/268
|-start|p1a: Registeel|typechange|Poison/Normal|[silent]
|move|p2a: Reuniclus|Focus Blast|p1a: Registeel
|-damage|p1a: Registeel|154/268
|
|-heal|p1a: Registeel|170/268|[from] item: Leftovers
|upkeep
|-start|p1a: Registeel|typechange|Poison/Normal|[silent]
|turn|4
|
|t:|1685378450
|move|p1a: Registeel|Iron Head|p2a: Reuniclus
|-damage|p2a: Reuniclus|300/322 tox
|cant|p2a: Reuniclus|flinch
|
|-heal|p1a: Registeel|186/268|[from] item: Leftovers
|upkeep
|turn|5
|
|t:|1685378456
|move|p1a: Registeel|Protect|p1a: Registeel
|-singleturn|p1a: Registeel|Protect
|move|p2a: Reuniclus|Shadow Ball|p1a: Registeel
|-activate|p1a: Registeel|move: Protect
|
|-heal|p1a: Registeel|202/268|[from] item: Leftovers
|upkeep
|turn|6
|
|t:|1685378471
|switch|p1a: Kyurem|Kyurem-Black, L73|303/303
|-start|p1a: Kyurem|typechange|Ice/Dragon|[silent]
|-ability|p1a: Kyurem|Teravolt
|move|p2a: Reuniclus|Shadow Ball|p1a: Kyurem
|-damage|p1a: Kyurem|160/303
|
|upkeep
|-start|p1a: Kyurem|typechange|Ice/Dragon|[silent]
|turn|7
|
|t:|1685378492
|switch|p1a: Slurpuff|Slurpuff, L80, M|262/262
|-ability|p1a: Slurpuff|Teravolt
|-start|p1a: Slurpuff|typechange|Fairy/Normal|[silent]
|move|p2a: Reuniclus|Psychic|p1a: Slurpuff
|-damage|p1a: Slurpuff|71/262
|-enditem|p1a: Slurpuff|Sitrus Berry|[eat]
|-heal|p1a: Slurpuff|136/262|[from] item: Sitrus Berry
|
|upkeep
|-start|p1a: Slurpuff|typechange|Fairy/Normal|[silent]
|turn|8
|
|t:|1685378507
|move|p1a: Slurpuff|Drain Punch|p2a: Reuniclus
|-supereffective|p2a: Reuniclus
|-crit|p2a: Reuniclus
|-damage|p2a: Reuniclus|144/322 tox
|-heal|p1a: Slurpuff|214/262|[from] drain|[of] p2a: Reuniclus
|move|p2a: Reuniclus|Psychic|p1a: Slurpuff
|-damage|p1a: Slurpuff|46/262
|
|upkeep
|turn|9
|
|t:|1685378524
|switch|p2a: Orbeetle|Orbeetle, L86, F|243/243
|-start|p2a: Orbeetle|typechange|Normal/Bug|[silent]
|move|p1a: Slurpuff|Drain Punch|p2a: Orbeetle
|-damage|p2a: Orbeetle|205/243
|-heal|p1a: Slurpuff|65/262|[from] drain|[of] p2a: Orbeetle
|
|upkeep
|-start|p2a: Orbeetle|typechange|Normal/Bug|[silent]
|turn|10
|inactive|gooeygoommii has 120 seconds left.
|
|t:|1685378546
|move|p1a: Slurpuff|Play Rough|p2a: Orbeetle
|-damage|p2a: Orbeetle|145/243
|move|p2a: Orbeetle|U-turn|p1a: Slurpuff
|-supereffective|p1a: Slurpuff
|-damage|p1a: Slurpuff|0 fnt
|faint|p1a: Slurpuff
|
|t:|1685378563
|switch|p2a: Registeel|Registeel, L83|268/268|[from] U-turn
|-start|p2a: Registeel|typechange|Poison/Steel|[silent]
|
|upkeep
|inactive|gooeygoommii has 120 seconds left.
|
|t:|1685378588
|switch|p1a: Emolga|Emolga, L88, M|158/240
|-ability|p1a: Emolga|Teravolt
|-start|p1a: Emolga|typechange|Flying/Poison|[silent]
|-start|p1a: Emolga|typechange|Flying/Poison|[silent]
|-start|p2a: Registeel|typechange|Poison/Steel|[silent]
|turn|11
|
|t:|1685378603
|move|p1a: Emolga|Air Slash|p2a: Registeel
|-supereffective|p2a: Registeel
|-damage|p2a: Registeel|136/268
|cant|p2a: Registeel|flinch
|
|-heal|p2a: Registeel|152/268|[from] item: Leftovers
|upkeep
|turn|12
|
|t:|1685378610
|move|p2a: Registeel|Protect|p2a: Registeel
|-singleturn|p2a: Registeel|Protect
|move|p1a: Emolga|Air Slash|p2a: Registeel
|-activate|p2a: Registeel|move: Protect
|
|-heal|p2a: Registeel|168/268|[from] item: Leftovers
|upkeep
|turn|13
|
|t:|1685378613
|move|p1a: Emolga|Air Slash|p2a: Registeel
|-supereffective|p2a: Registeel
|-damage|p2a: Registeel|48/268
|move|p2a: Registeel|Stealth Rock|p1a: Emolga
|-sidestart|p1: gooeygoommii|move: Stealth Rock
|
|-heal|p2a: Registeel|64/268|[from] item: Leftovers
|upkeep
|turn|14
|j|%TheTrueLtaker
|
|t:|1685378618
|move|p1a: Emolga|Roost|p1a: Emolga
|-heal|p1a: Emolga|240/240
|-singleturn|p1a: Emolga|move: Roost
|move|p2a: Registeel|Iron Head|p1a: Emolga
|-damage|p1a: Emolga|170/240
|
|-heal|p2a: Registeel|80/268|[from] item: Leftovers
|upkeep
|turn|15
|
|t:|1685378623
|move|p1a: Emolga|Air Slash|p2a: Registeel
|-supereffective|p2a: Registeel
|-damage|p2a: Registeel|0 fnt
|faint|p2a: Registeel
|
|upkeep
|
|t:|1685378636
|switch|p2a: Orbeetle|Orbeetle, L86, F|145/243
|-start|p2a: Orbeetle|typechange|Normal/Bug|[silent]
|-item|p1a: Emolga|Heavy-Duty Boots|[from] ability: Frisk|[of] p2a: Orbeetle|[identify]
|-start|p2a: Orbeetle|typechange|Normal/Bug|[silent]
|turn|16
|
|t:|1685378646
|move|p1a: Emolga|Toxic|p2a: Orbeetle
|-status|p2a: Orbeetle|tox
|move|p2a: Orbeetle|U-turn|p1a: Emolga
|-supereffective|p1a: Emolga
|-damage|p1a: Emolga|0 fnt
|faint|p1a: Emolga
|
|t:|1685378657
|switch|p2a: Chandelure|Chandelure, L82, F|233/233|[from] U-turn
|-start|p2a: Chandelure|typechange|Fire/Psychic|[silent]
|
|upkeep
|
|t:|1685378667
|switch|p1a: Hydreigon|Hydreigon, L80, M|278/278
|-ability|p1a: Hydreigon|Teravolt
|-start|p1a: Hydreigon|typechange|Dark|[silent]
|-damage|p1a: Hydreigon|244/278|[from] Stealth Rock
|-start|p1a: Hydreigon|typechange|Dark|[silent]
|-start|p2a: Chandelure|typechange|Fire/Psychic|[silent]
|turn|17
|
|t:|1685378685
|move|p1a: Hydreigon|Nasty Plot|p1a: Hydreigon
|-boost|p1a: Hydreigon|spa|2
|move|p2a: Chandelure|Shadow Ball|p1a: Hydreigon
|-supereffective|p1a: Hydreigon
|-damage|p1a: Hydreigon|72/278
|
|upkeep
|turn|18
|
|t:|1685378699
|move|p1a: Hydreigon|Draco Meteor|p2a: Chandelure
|-damage|p2a: Chandelure|9/233
|-unboost|p1a: Hydreigon|spa|2
|-damage|p1a: Hydreigon|45/278|[from] item: Life Orb
|move|p2a: Chandelure|Shadow Ball|p1a: Hydreigon
|-supereffective|p1a: Hydreigon
|-damage|p1a: Hydreigon|0 fnt
|faint|p1a: Hydreigon
|
|upkeep
|
|t:|1685378710
|switch|p1a: Aerodactyl|Aerodactyl, L82, F|265/265
|-ability|p1a: Aerodactyl|Unnerve
|-ability|p1a: Aerodactyl|Teravolt
|-start|p1a: Aerodactyl|typechange|Rock/Flying|[silent]
|turn|19
|
|t:|1685378717
|move|p1a: Aerodactyl|Dual Wingbeat|p2a: Chandelure|[miss]
|-miss|p1a: Aerodactyl|p2a: Chandelure
|move|p2a: Chandelure|Fire Blast|p1a: Aerodactyl
|-supereffective|p1a: Aerodactyl
|-damage|p1a: Aerodactyl|0 fnt
|faint|p1a: Aerodactyl
|
|upkeep
|
|t:|1685378721
|switch|p1a: Registeel|Registeel, L83|202/268
|-ability|p1a: Registeel|Unnerve
|-ability|p1a: Registeel|Teravolt
|-start|p1a: Registeel|typechange|Poison/Normal|[silent]
|-damage|p1a: Registeel|169/268|[from] Stealth Rock
|-start|p1a: Registeel|typechange|Poison/Normal|[silent]
|turn|20
|c|☆ClutchNightmare|omg
|
|t:|1685378728
|move|p2a: Chandelure|Shadow Ball|p1a: Registeel
|-supereffective|p1a: Registeel
|-damage|p1a: Registeel|67/268
|move|p1a: Registeel|Iron Head|p2a: Chandelure
|-supereffective|p2a: Chandelure
|-damage|p2a: Chandelure|0 fnt
|faint|p2a: Chandelure
|
|-heal|p1a: Registeel|83/268|[from] item: Leftovers
|upkeep
|
|t:|1685378737
|switch|p2a: Orbeetle|Orbeetle, L86, F|145/243 tox
|-start|p2a: Orbeetle|typechange|Normal/Bug|[silent]
|-item|p1a: Registeel|Leftovers|[from] ability: Frisk|[of] p2a: Orbeetle|[identify]
|-start|p2a: Orbeetle|typechange|Normal/Bug|[silent]
|turn|21
|
|t:|1685378742
|move|p1a: Registeel|Protect|p1a: Registeel
|-singleturn|p1a: Registeel|Protect
|move|p2a: Orbeetle|U-turn|p1a: Registeel
|-activate|p1a: Registeel|move: Protect
|
|-heal|p1a: Registeel|99/268|[from] item: Leftovers
|upkeep
|turn|22
|
|t:|1685378749
|move|p2a: Orbeetle|U-turn|p1a: Registeel
|-supereffective|p1a: Registeel
|-damage|p1a: Registeel|31/268
|
|t:|1685378753
|switch|p2a: Volcanion|Volcanion, L80|259/259|[from] U-turn
|-item|p1a: Registeel|Leftovers|[from] ability: Frisk|[of] p2a: Volcanion|[identify]
|-start|p2a: Volcanion|typechange|Fire/Ground|[silent]
|move|p1a: Registeel|Iron Head|p2a: Volcanion
|-supereffective|p2a: Volcanion
|-damage|p2a: Volcanion|181/259
|
|-heal|p1a: Registeel|47/268|[from] item: Leftovers
|upkeep
|-start|p2a: Volcanion|typechange|Fire/Ground|[silent]
|turn|23
|
|t:|1685378762
|move|p2a: Volcanion|Flamethrower|p1a: Registeel
|-damage|p1a: Registeel|0 fnt
|faint|p1a: Registeel
|
|upkeep
|
|t:|1685378765
|switch|p1a: Kyurem|Kyurem-Black, L73|160/303
|-ability|p1a: Kyurem|Unnerve
|-start|p1a: Kyurem|typechange|Ice/Dragon|[silent]
|-ability|p1a: Kyurem|Teravolt
|-start|p1a: Kyurem|typechange|Ice/Dragon|[silent]
|turn|24
|
|t:|1685378774
|-start|p1a: Kyurem|Dynamax|
|-heal|p1a: Kyurem|320/606|[silent]
|move|p2a: Volcanion|Steam Eruption|p1a: Kyurem
|-supereffective|p1a: Kyurem
|-damage|p1a: Kyurem|94/606
|-status|p1a: Kyurem|brn
|move|p1a: Kyurem|Max Lightning|p2a: Volcanion
|-supereffective|p2a: Volcanion
|-damage|p2a: Volcanion|98/259
|-fieldstart|move: Electric Terrain
|
|-damage|p1a: Kyurem|76/606 brn|[from] brn
|upkeep
|turn|25
|
|t:|1685378784
|move|p2a: Volcanion|Flamethrower|p1a: Kyurem
|-damage|p1a: Kyurem|0 fnt
|faint|p1a: Kyurem
|
|win|ClutchNightmare
|n|☆gooeygoommii|gooeygoommii
|n|☆ClutchNightmare|clutchnightmare
|n| TheTrueLtaker|thetrueltaker
