{"id": "gen8randombattle-1871682237", "p1": "Thomas Yeah!", "p2": "ibeat12yearolds", "format": "[Gen 8] Random Battle", "log": "|j|\u2606Thomas Yeah!\n|j|\u2606ibeat12yearolds\n|t:|1685119301\n|gametype|singles\n|player|p1|Thomas Yeah!|2|1098\n|player|p2|ibeat12yearolds|2|1105\n|teamsize|p1|6\n|teamsize|p2|6\n|gen|8\n|tier|[Gen 8] Random Battle\n|rated|\n|rule|Species Clause: Limit one of each Pok\u00e9mon\n|rule|HP Percentage Mod: HP is shown in percentages\n|rule|Sleep Clause Mod: Limit one foe put to sleep\n|\n|t:|1685119301\n|start\n|switch|p1a: Haxorus|Haxorus, L77, M|244/244\n|switch|p2a: Silvally|Silvally-Fairy, L84|297/297\n|-ability|p1a: Haxorus|Mold Breaker\n|turn|1\n|c|\u2606ibeat12yearolds|r u 12???\n|inactive|Battle timer is ON: inactive players will automatically lose when time's up. (requested by ibeat12yearolds)\n|c|\u2606ibeat12yearolds|cuzz if u r u suk\n|\n|t:|1685119326\n|switch|p1a: Magearna|Magearna, L76|247/247\n|move|p2a: Silvally|Swords Dance|p2a: Silvally\n|-boost|p2a: Silvally|atk|2\n|\n|upkeep\n|turn|2\n|c|\u2606ibeat12yearolds|and i will fuk u\n|\n|t:|1685119337\n|move|p2a: Silvally|Flame Charge|p1a: Magearna\n|-supereffective|p1a: Magearna\n|-damage|p1a: Magearna|125/247\n|-boost|p2a: Silvally|spe|1\n|move|p1a: Magearna|Agility|p1a: Magearna\n|-boost|p1a: Magearna|spe|2\n|\n|-heal|p1a: Magearna|140/247|[from] item: Leftovers\n|upkeep\n|turn|3\n|\n|t:|1685119351\n|-start|p2a: Silvally|Dynamax|\n|-heal|p2a: Silvally|594/594|[silent]\n|move|p2a: Silvally|Max Flare|p1a: Magearna\n|-supereffective|p1a: Magearna\n|-damage|p1a: Magearna|0 fnt\n|-weather|SunnyDay\n|faint|p1a: Magearna\n|\n|-weather|SunnyDay|[upkeep]\n|upkeep\n|c|\u2606ibeat12yearolds|gg\n|c|\u2606ibeat12yearolds|u suk lmfao\n|inactive|Thomas Yeah! has 120 seconds left.\n|\n|t:|1685119384\n|switch|p1a: Barraskewda|Barraskewda, L80, M|229/229\n|turn|4\n|inactive|Thomas Yeah! has 120 seconds left.\n|\n|t:|1685119397\n|move|p2a: Silvally|Max Mindstorm|p1a: Barraskewda\n|-damage|p1a: Barraskewda|0 fnt\n|-fieldstart|move: Psychic Terrain\n|faint|p1a: Barraskewda\n|\n|-weather|SunnyDay|[upkeep]\n|upkeep\n|\n|t:|1685119405\n|switch|p1a: Thundurus|Thundurus, L80, M|258/258\n|turn|5\n|inactive|Thomas Yeah! has 120 seconds left.\n|\n|t:|1685119413\n|move|p2a: Silvally|Max Mindstorm|p1a: Thundurus\n|-damage|p1a: Thundurus|0 fnt\n|faint|p1a: Thundurus\n|\n|-weather|SunnyDay|[upkeep]\n|upkeep\n|\n|t:|1685119417\n|switch|p1a: Wobbuffet|Wobbuffet, L92, F|499/499\n|-end|p2a: Silvally|Dynamax\n|-heal|p2a: Silvally|297/297|[silent]\n|turn|6\n|c|\u2606ibeat12yearolds|get fuked\n|inactive|Thomas Yeah! has 120 seconds left.\n|\n|t:|1685119441\n|move|p2a: Silvally|Multi-Attack|p1a: Wobbuffet\n|-damage|p1a: Wobbuffet|178/499\n|-enditem|p1a: Wobbuffet|Sitrus Berry|[eat]\n|-heal|p1a: Wobbuffet|302/499|[from] item: Sitrus Berry\n|move|p1a: Wobbuffet|Mirror Coat||[still]\n|-fail|p1a: Wobbuffet\n|\n|-weather|SunnyDay|[upkeep]\n|upkeep\n|turn|7\n|inactive|Thomas Yeah! has 120 seconds left.\n|\n|t:|1685119449\n|move|p2a: Silvally|Multi-Attack|p1a: Wobbuffet\n|-damage|p1a: Wobbuffet|17/499\n|move|p1a: Wobbuffet|Counter|p2a: Silvally\n|-damage|p2a: Silvally|0 fnt\n|faint|p2a: Silvally\n|\n|-weather|none\n|upkeep\n|\n|t:|1685119456\n|switch|p2a: Salamence|Salamence, L76, F|269/269\n|turn|8\n|\n|t:|1685119460\n|move|p2a: Salamence|Dragon Dance|p2a: Salamence\n|-boost|p2a: Salamence|atk|1\n|-boost|p2a: Salamence|spe|1\n|move|p1a: Wobbuffet|Charm|p2a: Salamence\n|-unboost|p2a: Salamence|atk|2\n|\n|-fieldend|move: Psychic Terrain\n|upkeep\n|turn|9\n|\n|t:|1685119466\n|move|p2a: Salamence|Earthquake|p1a: Wobbuffet\n|-damage|p1a: Wobbuffet|0 fnt\n|faint|p1a: Wobbuffet\n|-ability|p2a: Salamence|Moxie|boost\n|-boost|p2a: Salamence|atk|1\n|\n|upkeep\n|\n|t:|1685119472\n|switch|p1a: Froslass|Froslass, L84, F|255/255\n|turn|10\n|\n|t:|1685119490\n|move|p2a: Salamence|Outrage|p1a: Froslass\n|-damage|p1a: Froslass|99/255\n|move|p1a: Froslass|Taunt|p2a: Salamence\n|-start|p2a: Salamence|move: Taunt\n|\n|upkeep\n|turn|11\n|\n|t:|1685119494\n|move|p2a: Salamence|Outrage|p1a: Froslass|[from]lockedmove\n|-damage|p1a: Froslass|0 fnt\n|faint|p1a: Froslass\n|-ability|p2a: Salamence|Moxie|boost\n|-boost|p2a: Salamence|atk|1\n|-start|p2a: Salamence|confusion|[fatigue]\n|\n|upkeep\n|\n|t:|1685119501\n|switch|p1a: Haxorus|Haxorus, L77, M|244/244\n|-ability|p1a: Haxorus|Mold Breaker\n|turn|12\n|\n|t:|1685119509\n|-start|p1a: Haxorus|Dynamax|\n|-heal|p1a: Haxorus|488/488|[silent]\n|-activate|p2a: Salamence|confusion\n|move|p2a: Salamence|Outrage|p1a: Haxorus\n|-supereffective|p1a: Haxorus\n|-damage|p1a: Haxorus|68/488\n|move|p1a: Haxorus|Max Wyrmwind|p2a: Salamence\n|-supereffective|p2a: Salamence\n|-damage|p2a: Salamence|0 fnt\n|faint|p2a: Salamence\n|-damage|p1a: Haxorus|44/488|[from] item: Life Orb\n|\n|upkeep\n|\n|t:|1685119518\n|switch|p2a: Urshifu|Urshifu-Rapid-Strike, L78, F|284/284\n|turn|13\n|c|\u2606ibeat12yearolds|u sukkkk\n|\n|t:|1685119527\n|move|p1a: Haxorus|Max Guard|p1a: Haxorus\n|-singleturn|p1a: Haxorus|Max Guard\n|move|p2a: Urshifu|Substitute|p2a: Urshifu\n|-start|p2a: Urshifu|Substitute\n|-damage|p2a: Urshifu|213/284\n|\n|-heal|p2a: Urshifu|230/284|[from] item: Leftovers\n|upkeep\n|turn|14\n|\n|t:|1685119531\n|move|p2a: Urshifu|Drain Punch|p1a: Haxorus\n|-damage|p1a: Haxorus|0 fnt\n|-heal|p2a: Urshifu|252/284|[from] drain|[of] p1a: Haxorus\n|faint|p1a: Haxorus\n|\n|win|ibeat12yearolds\n|raw|Thomas Yeah!'s rating: 1098 &rarr; <strong>1074</strong><br />(-24 for losing)\n|raw|ibeat12yearolds's rating: 1105 &rarr; <strong>1129</strong><br />(+24 for winning)\n", "inputlog": ">version 61c68e60481ef09071210320730fc448fef50368\n>start {\"formatid\":\"gen8randombattle\",\"seed\":[53004,12961,52745,54485],\"rated\":\"Rated battle\"}\n>player p1 {\"name\":\"Thomas Yeah!\",\"avatar\":\"2\",\"rating\":1098,\"seed\":[57437,45311,31672,17435]}\n>player p2 {\"name\":\"ibeat12yearolds\",\"avatar\":\"2\",\"rating\":1105,\"seed\":[64655,40089,19516,17354]}\n>chat \u2606ibeat12yearolds|r u 12???\n>chat \u2606ibeat12yearolds|cuzz if u r u suk\n>p1 switch 3\n>p2 move swordsdance\n>chat \u2606ibeat12yearolds|and i will fuk u\n>p1 move agility\n>p2 move flamecharge\n>p1 move flashcannon\n>p2 move flamecharge dynamax\n>chat \u2606ibeat12yearolds|gg\n>chat \u2606ibeat12yearolds|u suk lmfao\n>p1 switch 2\n>p1 move poisonjab\n>p2 move psychicfangs dynamax\n>p1 switch 4\n>p1 move sludgewave\n>p2 move psychicfangs dynamax\n>p1 switch 5\n>chat \u2606ibeat12yearolds|get fuked\n>p1 move mirrorcoat\n>p2 move multiattack\n>p1 move counter\n>p2 move multiattack\n>p2 switch 4\n>p1 move charm\n>p2 move dragondance\n>p1 move charm\n>p2 move earthquake\n>p1 switch 6\n>p1 move taunt\n>p2 move outrage\n>p1 move destinybond\n>p2 move outrage\n>p1 switch 3\n>p1 move outrage dynamax\n>p2 move outrage\n>p2 switch 6\n>chat \u2606ibeat12yearolds|u sukkkk\n>p1 move dragondance dynamax\n>p2 move substitute\n>p1 move closecombat dynamax\n>p2 move drainpunch", "uploadtime": 1685119332, "views": 1, "p1id": "thomasyeah", "p2id": "ibeat12yearolds", "formatid": "gen8randombattle", "rating": 1074, "private": 0, "password": ""}