{"id": "gen8randombattle-1872136779", "p1": "WhoDatMan", "p2": "nemoauditur", "format": "[Gen 8] Random Battle", "log": "|j|\u2606WhoDatMan\n|j|\u2606nemoauditur\n|t:|1685185994\n|gametype|singles\n|player|p1|WhoDatMan|winona|\n|player|p2|nemoauditur|barry|\n|teamsize|p1|6\n|teamsize|p2|6\n|gen|8\n|tier|[Gen 8] Random Battle\n|rated|Tournament battle\n|rule|Species Clause: Limit one of each Pok\u00e9mon\n|rule|HP Percentage Mod: HP is shown in percentages\n|rule|Sleep Clause Mod: Limit one foe put to sleep\n|\n|t:|1685185994\n|start\n|switch|p1a: Cursola|Cursola, L86, M|243/243\n|switch|p2a: Weavile|Weavile, L79, M|239/239\n|turn|1\n|inactive|Battle timer is ON: inactive players will automatically lose when time's up. (requested by WhoDatMan)\n|c|\u2606nemoauditur|glhf\n|\n|t:|1685186004\n|switch|p1a: Durant|Durant, L78, M|219/219\n|move|p2a: Weavile|Knock Off|p1a: Durant\n|-damage|p1a: Durant|83/219\n|-enditem|p1a: Durant|Life Orb|[from] move: Knock Off|[of] p2a: Weavile\n|\n|upkeep\n|turn|2\n|j| Champion Clueless\n|\n|t:|1685186018\n|switch|p2a: Durant|Durant, L78, F|219/219\n|move|p1a: Durant|Iron Head|p2a: Durant\n|-resisted|p2a: Durant\n|-damage|p2a: Durant|166/219\n|\n|upkeep\n|turn|3\n|j|+Wubben\n|\n|t:|1685186027\n|switch|p1a: Toxapex|Toxapex, L82, F|216/216\n|move|p2a: Durant|First Impression|p1a: Toxapex|[miss]\n|-miss|p2a: Durant|p1a: Toxapex\n|\n|upkeep\n|turn|4\n|\n|t:|1685186030\n|switch|p2a: Tapu Koko|Tapu Koko, L78|237/237\n|-fieldstart|move: Electric Terrain|[from] ability: Electric Surge|[of] p2a: Tapu Koko\n|move|p1a: Toxapex|Toxic Spikes|p2a: Tapu Koko\n|-sidestart|p2: nemoauditur|move: Toxic Spikes\n|\n|upkeep\n|turn|5\n|l| Champion Clueless\n|\n|t:|1685186039\n|switch|p1a: Cursola|Cursola, L86, M|243/243\n|move|p2a: Tapu Koko|Calm Mind|p2a: Tapu Koko\n|-boost|p2a: Tapu Koko|spa|1\n|-boost|p2a: Tapu Koko|spd|1\n|\n|upkeep\n|turn|6\n|\n|t:|1685186046\n|move|p2a: Tapu Koko|Thunderbolt|p1a: Cursola\n|-damage|p1a: Cursola|86/243\n|-damage|p2a: Tapu Koko|214/237|[from] item: Life Orb\n|move|p1a: Cursola|Earth Power|p2a: Tapu Koko\n|-supereffective|p2a: Tapu Koko\n|-crit|p2a: Tapu Koko\n|-damage|p2a: Tapu Koko|0 fnt\n|faint|p2a: Tapu Koko\n|\n|-heal|p1a: Cursola|101/243|[from] item: Leftovers\n|upkeep\n|c|\u2606nemoauditur|aw\n|\n|t:|1685186053\n|switch|p2a: Weavile|Weavile, L79, M|239/239\n|-status|p2a: Weavile|psn\n|turn|7\n|j| TheBugsHaveArrived\n|\n|t:|1685186070\n|switch|p1a: Toxapex|Toxapex, L82, F|216/216\n|move|p2a: Weavile|Knock Off|p1a: Toxapex\n|-crit|p1a: Toxapex\n|-damage|p1a: Toxapex|65/216\n|-enditem|p1a: Toxapex|Black Sludge|[from] move: Knock Off|[of] p2a: Weavile\n|\n|-damage|p2a: Weavile|210/239 psn|[from] psn\n|upkeep\n|turn|8\n|c| TheBugsHaveArrived|let's go nemp\n|c| TheBugsHaveArrived|nemo*\n|c|\u2606nemoauditur|A critical hit!\n|c|\u2606nemoauditur|:c\n|c|\u2606nemoauditur|no me gusta\n|inactive|WhoDatMan has 120 seconds left.\n|j| dakadan776\n|c|\u2606nemoauditur|I had an amazing lead\n|c|\u2606nemoauditur|so tbf\n|inactive|WhoDatMan has 90 seconds left.\n|\n|t:|1685186125\n|switch|p1a: Durant|Durant, L78, M|83/219\n|move|p2a: Weavile|Knock Off|p1a: Durant\n|-damage|p1a: Durant|0 fnt\n|faint|p1a: Durant\n|\n|-damage|p2a: Weavile|181/239 psn|[from] psn\n|-fieldend|move: Electric Terrain\n|upkeep\n|inactive|WhoDatMan has 90 seconds left.\n|j| Acewinner\n|\n|t:|1685186134\n|switch|p1a: Braviary|Braviary, L82, M|298/298\n|turn|9\n|j| Trefleuh\n|\n|t:|1685186140\n|switch|p2a: Lugia|Lugia, L74|279/279\n|move|p1a: Braviary|Close Combat|p2a: Lugia\n|-resisted|p2a: Lugia\n|-damage|p2a: Lugia|270/279\n|-unboost|p1a: Braviary|def|1\n|-unboost|p1a: Braviary|spd|1\n|\n|upkeep\n|turn|10\n|inactive|WhoDatMan has 90 seconds left.\n|c|\u2606nemoauditur|ah\n|c|\u2606nemoauditur|man\n|\n|t:|1685186158\n|switch|p1a: Toxapex|Toxapex, L82, F|137/216\n|move|p2a: Lugia|Toxic|p1a: Toxapex\n|-immune|p1a: Toxapex\n|\n|upkeep\n|turn|11\n|c|\u2606nemoauditur|tapu koko was so necessary this battle tho\n|\n|t:|1685186177\n|switch|p2a: Weavile|Weavile, L79, M|181/239 psn\n|switch|p1a: Calyrex|Calyrex-Ice, L72|263/263\n|-ability|p1a: Calyrex|As One\n|-ability|p1a: Calyrex|Unnerve\n|\n|-damage|p2a: Weavile|152/239 psn|[from] psn\n|upkeep\n|turn|12\n|\n|t:|1685186188\n|move|p2a: Weavile|Knock Off|p1a: Calyrex\n|-supereffective|p1a: Calyrex\n|-damage|p1a: Calyrex|29/263\n|-enditem|p1a: Calyrex|Heavy-Duty Boots|[from] move: Knock Off|[of] p2a: Weavile\n|move|p1a: Calyrex|Close Combat|p2a: Weavile\n|-supereffective|p2a: Weavile\n|-damage|p2a: Weavile|0 fnt\n|-unboost|p1a: Calyrex|def|1\n|-unboost|p1a: Calyrex|spd|1\n|faint|p2a: Weavile\n|-ability|p1a: Calyrex|Chilling Neigh|boost\n|-boost|p1a: Calyrex|atk|1\n|\n|upkeep\n|\n|t:|1685186196\n|switch|p2a: Butterfree|Butterfree, L87, M|246/246\n|turn|13\n|l| dakadan776\n|\n|t:|1685186206\n|switch|p1a: Toxapex|Toxapex, L82, F|209/216\n|move|p2a: Butterfree|Energy Ball|p1a: Toxapex\n|-damage|p1a: Toxapex|167/216\n|\n|upkeep\n|turn|14\n|\n|t:|1685186209\n|move|p2a: Butterfree|Sleep Powder|p1a: Toxapex\n|-status|p1a: Toxapex|slp|[from] move: Sleep Powder\n|cant|p1a: Toxapex|slp\n|\n|upkeep\n|turn|15\n|\n|t:|1685186215\n|switch|p1a: Cursola|Cursola, L86, M|101/243\n|move|p2a: Butterfree|Quiver Dance|p2a: Butterfree\n|-boost|p2a: Butterfree|spa|1\n|-boost|p2a: Butterfree|spd|1\n|-boost|p2a: Butterfree|spe|1\n|\n|-heal|p1a: Cursola|116/243|[from] item: Leftovers\n|upkeep\n|turn|16\n|inactive|WhoDatMan has 120 seconds left.\n|\n|t:|1685186223\n|move|p2a: Butterfree|Hurricane|p1a: Cursola\n|-damage|p1a: Cursola|0 fnt\n|faint|p1a: Cursola\n|\n|upkeep\n|\n|t:|1685186226\n|switch|p1a: Lugia|Lugia, L74|279/279\n|turn|17\n|\n|t:|1685186232\n|move|p2a: Butterfree|Quiver Dance|p2a: Butterfree\n|-boost|p2a: Butterfree|spa|1\n|-boost|p2a: Butterfree|spd|1\n|-boost|p2a: Butterfree|spe|1\n|move|p1a: Lugia|Toxic|p2a: Butterfree\n|-status|p2a: Butterfree|tox\n|\n|-damage|p2a: Butterfree|231/246 tox|[from] psn\n|upkeep\n|turn|18\n|\n|t:|1685186239\n|move|p2a: Butterfree|Hurricane|p1a: Lugia\n|-crit|p1a: Lugia\n|-damage|p1a: Lugia|163/279\n|-start|p1a: Lugia|confusion\n|-activate|p1a: Lugia|confusion\n|-damage|p1a: Lugia|149/279|[from] confusion\n|\n|-damage|p2a: Butterfree|201/246 tox|[from] psn\n|upkeep\n|turn|19\n|\n|t:|1685186248\n|switch|p1a: Calyrex|Calyrex-Ice, L72|29/263\n|-ability|p1a: Calyrex|As One\n|-ability|p1a: Calyrex|Unnerve\n|move|p2a: Butterfree|Hurricane|p1a: Calyrex\n|-damage|p1a: Calyrex|0 fnt\n|faint|p1a: Calyrex\n|\n|-damage|p2a: Butterfree|156/246 tox|[from] psn\n|upkeep\n|\n|t:|1685186256\n|switch|p1a: Braviary|Braviary, L82, M|298/298\n|turn|20\n|\n|t:|1685186261\n|-start|p1a: Braviary|Dynamax|\n|-heal|p1a: Braviary|596/596|[silent]\n|move|p2a: Butterfree|Hurricane|p1a: Braviary\n|-damage|p1a: Braviary|319/596\n|move|p1a: Braviary|Max Airstream|p2a: Butterfree\n|-supereffective|p2a: Butterfree\n|-damage|p2a: Butterfree|0 fnt\n|-boost|p1a: Braviary|spe|1\n|faint|p2a: Butterfree\n|\n|upkeep\n|\n|t:|1685186274\n|switch|p2a: Durant|Durant, L78, F|166/219\n|turn|21\n|\n|t:|1685186289\n|-start|p2a: Durant|Dynamax|\n|-heal|p2a: Durant|332/438|[silent]\n|move|p1a: Braviary|Max Knuckle|p2a: Durant\n|-damage|p2a: Durant|258/438\n|-boost|p1a: Braviary|atk|1\n|move|p2a: Durant|Max Steelspike|p1a: Braviary\n|-damage|p1a: Braviary|79/596\n|-boost|p2a: Durant|def|1\n|\n|upkeep\n|turn|22\n|\n|t:|1685186304\n|move|p1a: Braviary|Max Airstream|p2a: Durant\n|-damage|p2a: Durant|117/438\n|-boost|p1a: Braviary|spe|1\n|move|p2a: Durant|Max Knuckle|p1a: Braviary\n|-damage|p1a: Braviary|0 fnt\n|-boost|p2a: Durant|atk|1\n|faint|p1a: Braviary\n|\n|upkeep\n|\n|t:|1685186313\n|switch|p1a: Toxapex|Toxapex, L82, F|216/216 slp\n|turn|23\n|\n|t:|1685186319\n|move|p2a: Durant|Max Rockfall|p1a: Toxapex\n|-damage|p1a: Toxapex|93/216 slp\n|-weather|Sandstorm\n|cant|p1a: Toxapex|slp\n|\n|-weather|Sandstorm|[upkeep]\n|-damage|p1a: Toxapex|80/216 slp|[from] Sandstorm\n|upkeep\n|-end|p2a: Durant|Dynamax\n|-heal|p2a: Durant|59/219|[silent]\n|turn|24\n|\n|t:|1685186330\n|move|p2a: Durant|Rock Slide|p1a: Toxapex|[miss]\n|-miss|p2a: Durant|p1a: Toxapex\n|cant|p1a: Toxapex|slp\n|\n|-weather|Sandstorm|[upkeep]\n|-damage|p1a: Toxapex|67/216 slp|[from] Sandstorm\n|upkeep\n|turn|25\n|\n|t:|1685186337\n|switch|p1a: Lugia|Lugia, L74|149/279\n|move|p2a: Durant|Rock Slide|p1a: Lugia|[miss]\n|-miss|p2a: Durant|p1a: Lugia\n|\n|-weather|Sandstorm|[upkeep]\n|-damage|p1a: Lugia|132/279|[from] Sandstorm\n|upkeep\n|turn|26\n|c|\u2606nemoauditur|por favor\n|c| Trefleuh|hmm\n|\n|t:|1685186343\n|move|p2a: Durant|Rock Slide|p1a: Lugia\n|-supereffective|p1a: Lugia\n|-damage|p1a: Lugia|0 fnt\n|faint|p1a: Lugia\n|\n|-weather|Sandstorm|[upkeep]\n|upkeep\n|\n|t:|1685186346\n|switch|p1a: Toxapex|Toxapex, L82, F|139/216 slp\n|turn|27\n|\n|t:|1685186348\n|move|p2a: Durant|Rock Slide|p1a: Toxapex|[miss]\n|-miss|p2a: Durant|p1a: Toxapex\n|-curestatus|p1a: Toxapex|slp|[msg]\n|move|p1a: Toxapex|Recover|p1a: Toxapex\n|-heal|p1a: Toxapex|216/216\n|\n|-weather|none\n|upkeep\n|turn|28\n|\n|t:|1685186350\n|move|p2a: Durant|Rock Slide|p1a: Toxapex\n|-damage|p1a: Toxapex|102/216\n|move|p1a: Toxapex|Scald|p2a: Durant\n|-damage|p2a: Durant|0 fnt\n|faint|p2a: Durant\n|\n|upkeep\n|c| Trefleuh|i see\n|\n|t:|1685186357\n|switch|p2a: Slurpuff|Slurpuff, L80, M|262/262\n|-status|p2a: Slurpuff|psn\n|turn|29\n|c|\u2606nemoauditur|this is good\n|\n|t:|1685186362\n|move|p2a: Slurpuff|Belly Drum|p2a: Slurpuff\n|-damage|p2a: Slurpuff|131/262 psn\n|-setboost|p2a: Slurpuff|atk|6|[from] move: Belly Drum\n|-enditem|p2a: Slurpuff|Sitrus Berry|[eat]\n|-heal|p2a: Slurpuff|196/262 psn|[from] item: Sitrus Berry\n|move|p1a: Toxapex|Recover|p1a: Toxapex\n|-heal|p1a: Toxapex|210/216\n|\n|-damage|p2a: Slurpuff|164/262 psn|[from] psn\n|upkeep\n|turn|30\n|c|\u2606nemoauditur|facade boost\n|\n|t:|1685186367\n|move|p2a: Slurpuff|Facade|p1a: Toxapex\n|-damage|p1a: Toxapex|17/216\n|move|p1a: Toxapex|Recover|p1a: Toxapex\n|-heal|p1a: Toxapex|125/216\n|\n|-damage|p2a: Slurpuff|132/262 psn|[from] psn\n|upkeep\n|turn|31\n|\n|t:|1685186371\n|move|p2a: Slurpuff|Facade|p1a: Toxapex\n|-damage|p1a: Toxapex|0 fnt\n|faint|p1a: Toxapex\n|\n|win|nemoauditur\n|n|\u2606WhoDatMan|whodatman\n|n|\u2606nemoauditur|nemoauditur\n|n| Wubben|wubben\n|n| TheBugsHaveArrived|thebugshavearrived\n|n| Acewinner|acewinner\n|n| Trefleuh|trefleuh\n", "inputlog": ">version d74822bbc74c095aa312053f7034baee3068d99e\n>start {\"formatid\":\"gen8randombattle\",\"seed\":[13056,49554,57055,26903],\"rated\":\"Tournament battle\"}\n>player p1 {\"name\":\"WhoDatMan\",\"avatar\":\"winona\",\"rating\":0,\"seed\":[38446,54792,12327,26463]}\n>player p2 {\"name\":\"nemoauditur\",\"avatar\":\"barry\",\"rating\":0,\"seed\":[5066,40211,35906,8261]}\n>chat \u2606nemoauditur|glhf\n>p1 switch 3\n>p2 move knockoff\n>p1 move ironhead\n>p2 switch 2\n>p1 switch 4\n>p2 move firstimpression\n>p1 move toxicspikes\n>p2 switch 3\n>p1 switch 3\n>p2 move calmmind\n>p1 move earthpower\n>p2 move thunderbolt\n>chat \u2606nemoauditur|aw\n>p2 switch 2\n>p1 switch 3\n>p2 move knockoff\n>chat  TheBugsHaveArrived|let's go nemp\n>chat  TheBugsHaveArrived| nemo*\n>chat \u2606nemoauditur|A critical hit!\n>chat \u2606nemoauditur|:c\n>chat \u2606nemoauditur|no me gusta\n>chat \u2606nemoauditur|I had an amazing lead\n>chat \u2606nemoauditur|so tbf\n>p1 switch 4\n>p2 move knockoff\n>p1 switch 5\n>p1 move closecombat\n>p2 switch 6\n>chat \u2606nemoauditur|ah\n>chat \u2606nemoauditur|man\n>p1 switch 4\n>p2 move toxic\n>chat \u2606nemoauditur|tapu koko was so necessary this battle tho\n>p1 switch 2\n>p2 switch 6\n>p1 move closecombat\n>p2 move knockoff\n>p2 switch 5\n>p1 switch 2\n>p2 move energyball\n>p1 move toxic\n>p2 move sleeppowder\n>p1 switch 3\n>p2 move quiverdance\n>p1 move strengthsap\n>p2 move hurricane\n>p1 switch 6\n>p1 move toxic\n>p2 move quiverdance\n>p1 move substitute\n>p2 move hurricane\n>p1 switch 2\n>p2 move hurricane\n>p1 switch 4\n>p1 move bravebird dynamax\n>p2 move hurricane\n>p2 switch 3\n>p1 move closecombat dynamax\n>p2 move ironhead dynamax\n>p1 move bravebird dynamax\n>p2 move superpower dynamax\n>p1 switch 3\n>p1 move recover\n>p2 move rockslide dynamax\n>p1 move recover\n>p2 move rockslide\n>p1 switch 2\n>p2 move rockslide\n>chat \u2606nemoauditur|por favor\n>chat  Trefleuh|hmm\n>p1 move airslash\n>p2 move rockslide\n>p1 switch 2\n>p1 move recover\n>p2 move rockslide\n>p1 move scald\n>p2 move rockslide\n>chat  Trefleuh|i see\n>p2 switch 4\n>chat \u2606nemoauditur|this is good\n>p1 move recover\n>p2 move bellydrum\n>chat \u2606nemoauditur|facade boost\n>p1 move recover\n>p2 move facade\n>p1 move scald\n>p2 move facade", "uploadtime": 1685186372, "views": 5, "p1id": "whodatman", "p2id": "nemoauditur", "formatid": "gen8randombattle", "rating": 0, "private": 0, "password": ""}