|j|☆bonesiron
|j|☆Junebug54
|t:|1684269887
|gametype|singles
|player|p1|bonesiron|psychic|
|player|p2|Junebug54|102|
|teamsize|p1|6
|teamsize|p2|6
|gen|8
|tier|[Gen 8] Random Battle
|rule|Species Clause: Limit one of each Pokémon
|rule|HP Percentage Mod: HP is shown in percentages
|rule|Sleep Clause Mod: Limit one foe put to sleep
|
|t:|1684269887
|start
|switch|p1a: Slowbro|Slowbro, L84, M|297/297
|switch|p2a: Electivire|Electivire, L82, F|257/257
|turn|1
|
|t:|1684269908
|switch|p1a: Stunfisk|Stunfisk, L84, M|320/320
|move|p2a: Electivire|Wild Charge|p1a: Stunfisk
|-immune|p1a: Stunfisk
|
|upkeep
|turn|2
|
|t:|1684269923
|-start|p2a: Electivire|Dynamax|
|-heal|p2a: Electivire|514/514|[silent]
|move|p2a: Electivire|Max Quake|p1a: Stunfisk
|-supereffective|p1a: Stunfisk
|-damage|p1a: Stunfisk|26/320
|-boost|p2a: Electivire|spd|1
|-damage|p2a: Electivire|489/514|[from] item: Life Orb
|move|p1a: Stunfisk|Stealth Rock|p2a: Electivire
|-sidestart|p2: Junebug54|move: Stealth Rock
|
|-heal|p1a: Stunfisk|46/320|[from] item: Leftovers
|upkeep
|turn|3
|
|t:|1684269944
|move|p2a: Electivire|Max Knuckle|p1a: Stunfisk
|-damage|p1a: Stunfisk|0 fnt
|-boost|p2a: Electivire|atk|1
|faint|p1a: Stunfisk
|-damage|p2a: Electivire|464/514|[from] item: Life Orb
|
|upkeep
|
|t:|1684269960
|switch|p1a: Metagross|Metagross, L79|256/256
|turn|4
|
|t:|1684269965
|-start|p1a: Metagross|Dynamax|
|-heal|p1a: Metagross|512/512|[silent]
|move|p2a: Electivire|Max Flare|p1a: Metagross
|-supereffective|p1a: Metagross
|-damage|p1a: Metagross|273/512
|-weather|SunnyDay
|-damage|p2a: Electivire|439/514|[from] item: Life Orb
|move|p1a: Metagross|Max Quake|p2a: Electivire
|-supereffective|p2a: Electivire
|-damage|p2a: Electivire|197/514
|-boost|p1a: Metagross|spd|1
|
|-weather|SunnyDay|[upkeep]
|upkeep
|-end|p2a: Electivire|Dynamax
|-heal|p2a: Electivire|99/257|[silent]
|turn|5
|
|t:|1684269983
|move|p2a: Electivire|Flamethrower|p1a: Metagross
|-supereffective|p1a: Metagross
|-damage|p1a: Metagross|107/512
|-damage|p2a: Electivire|74/257|[from] item: Life Orb
|move|p1a: Metagross|Max Quake|p2a: Electivire
|-supereffective|p2a: Electivire
|-damage|p2a: Electivire|0 fnt
|-boost|p1a: Metagross|spd|1
|faint|p2a: Electivire
|
|-weather|SunnyDay|[upkeep]
|upkeep
|
|t:|1684270001
|switch|p2a: Mewtwo|Mewtwo, L72|272/272
|-ability|p2a: Mewtwo|Unnerve
|-damage|p2a: Mewtwo|238/272|[from] Stealth Rock
|turn|6
|
|t:|1684270010
|move|p2a: Mewtwo|Fire Blast|p1a: Metagross
|-supereffective|p1a: Metagross
|-damage|p1a: Metagross|0 fnt
|faint|p1a: Metagross
|-damage|p2a: Mewtwo|211/272|[from] item: Life Orb
|
|-weather|SunnyDay|[upkeep]
|upkeep
|
|t:|1684270026
|switch|p1a: Wishiwashi|Wishiwashi, L84, M|213/213
|-formechange|p1a: Wishiwashi|Wishiwashi-School||[from] ability: Schooling
|turn|7
|
|t:|1684270035
|move|p2a: Mewtwo|Nasty Plot|p2a: Mewtwo
|-boost|p2a: Mewtwo|spa|2
|move|p1a: Wishiwashi|U-turn|p2a: Mewtwo
|-supereffective|p2a: Mewtwo
|-damage|p2a: Mewtwo|73/272
|
|t:|1684270047
|switch|p1a: Braviary|Braviary, L82, M|298/298|[from] U-turn
|
|-weather|SunnyDay|[upkeep]
|upkeep
|turn|8
|
|t:|1684270055
|move|p2a: Mewtwo|Psystrike|p1a: Braviary
|-damage|p1a: Braviary|0 fnt
|faint|p1a: Braviary
|-damage|p2a: Mewtwo|46/272|[from] item: Life Orb
|
|-weather|none
|upkeep
|
|t:|1684270063
|switch|p1a: Wishiwashi|Wishiwashi, L84, M|213/213
|-formechange|p1a: Wishiwashi|Wishiwashi-School||[from] ability: Schooling
|turn|9
|
|t:|1684270069
|move|p2a: Mewtwo|Psystrike|p1a: Wishiwashi
|-damage|p1a: Wishiwashi|0 fnt
|faint|p1a: Wishiwashi
|-damage|p2a: Mewtwo|19/272|[from] item: Life Orb
|
|upkeep
|
|t:|1684270079
|switch|p1a: Slowbro|Slowbro, L84, M|297/297
|turn|10
|
|t:|1684270097
|move|p2a: Mewtwo|Shadow Ball|p1a: Slowbro
|-supereffective|p1a: Slowbro
|-damage|p1a: Slowbro|0 fnt
|faint|p1a: Slowbro
|-damage|p2a: Mewtwo|0 fnt|[from] item: Life Orb
|faint|p2a: Mewtwo
|
|upkeep
|
|t:|1684270106
|switch|p2a: Mantine|Mantine, L86, F|286/286
|switch|p1a: Kommo-o|Kommo-o, L80, M|251/251
|turn|11
|
|t:|1684270128
|move|p1a: Kommo-o|Clangorous Soul|p1a: Kommo-o
|-boost|p1a: Kommo-o|atk|1
|-boost|p1a: Kommo-o|def|1
|-boost|p1a: Kommo-o|spa|1
|-boost|p1a: Kommo-o|spd|1
|-boost|p1a: Kommo-o|spe|1
|-damage|p1a: Kommo-o|169/251
|-enditem|p1a: Kommo-o|Throat Spray
|-boost|p1a: Kommo-o|spa|1|[from] item: Throat Spray
|move|p2a: Mantine|Scald|p1a: Kommo-o
|-resisted|p1a: Kommo-o
|-damage|p1a: Kommo-o|146/251
|-status|p1a: Kommo-o|brn
|
|-damage|p1a: Kommo-o|131/251 brn|[from] brn
|upkeep
|turn|12
|
|t:|1684270146
|move|p1a: Kommo-o|Clanging Scales|p2a: Mantine
|-damage|p2a: Mantine|136/286
|-unboost|p1a: Kommo-o|def|1
|move|p2a: Mantine|Defog|p1a: Kommo-o
|-unboost|p1a: Kommo-o|evasion|1
|-sideend|p2: Junebug54|Stealth Rock|[from] move: Defog|[of] p2a: Mantine
|
|-damage|p1a: Kommo-o|116/251 brn|[from] brn
|upkeep
|turn|13
|-message|bonesiron forfeited.
|
|win|Junebug54
|l|☆bonesiron
|j|☆bonesiron
|player|p1|bonesiron|psychic
