|j|☆yavodyanoy
|j|☆gopqy
|t:|1685495632
|gametype|singles
|player|p1|yavodyanoy|gambler|
|player|p2|gopqy|selene|
|teamsize|p1|6
|teamsize|p2|6
|gen|8
|tier|[Gen 8] Random Battle
|rule|Species Clause: Limit one of each Pokémon
|rule|HP Percentage Mod: HP is shown in percentages
|rule|Sleep Clause Mod: Limit one foe put to sleep
|
|t:|1685495632
|start
|switch|p1a: Lopunny|Lopunny, L90, M|263/263
|switch|p2a: Porygon-Z|Porygon-Z, L80|267/267
|turn|1
|
|t:|1685495648
|move|p1a: Lopunny|Close Combat|p2a: Porygon-Z
|-supereffective|p2a: Porygon-Z
|-damage|p2a: Porygon-Z|59/267
|-unboost|p1a: Lopunny|def|1
|-unboost|p1a: Lopunny|spd|1
|move|p2a: Porygon-Z|Nasty Plot|p2a: Porygon-Z
|-boost|p2a: Porygon-Z|spa|2
|
|-status|p1a: Lopunny|tox|[from] item: Toxic Orb
|upkeep
|turn|2
|
|t:|1685495667
|move|p1a: Lopunny|Close Combat|p2a: Porygon-Z
|-supereffective|p2a: Porygon-Z
|-damage|p2a: Porygon-Z|0 fnt
|-unboost|p1a: Lopunny|def|1
|-unboost|p1a: Lopunny|spd|1
|faint|p2a: Porygon-Z
|
|-damage|p1a: Lopunny|247/263 tox|[from] psn
|upkeep
|
|t:|1685495678
|switch|p2a: Tsareena|Tsareena, L84, F|258/258
|turn|3
|
|t:|1685495685
|move|p1a: Lopunny|Close Combat|p2a: Tsareena
|-damage|p2a: Tsareena|184/258
|-unboost|p1a: Lopunny|def|1
|-unboost|p1a: Lopunny|spd|1
|move|p2a: Tsareena|High Jump Kick|p1a: Lopunny
|-supereffective|p1a: Lopunny
|-damage|p1a: Lopunny|0 fnt
|faint|p1a: Lopunny
|-damage|p2a: Tsareena|159/258|[from] item: Life Orb
|
|upkeep
|
|t:|1685495698
|switch|p1a: Reshiram|Reshiram, L74|270/270
|-ability|p1a: Reshiram|Turboblaze
|turn|4
|
|t:|1685495718
|switch|p2a: Cinderace|Cinderace, L74, M|240/240
|move|p1a: Reshiram|Blue Flare|p2a: Cinderace
|-resisted|p2a: Cinderace
|-damage|p2a: Cinderace|135/240
|
|upkeep
|turn|5
|
|t:|1685495734
|move|p2a: Cinderace|Zen Headbutt|p1a: Reshiram
|-start|p2a: Cinderace|typechange|Psychic|[from] ability: Libero
|-damage|p1a: Reshiram|185/270
|move|p1a: Reshiram|Toxic|p2a: Cinderace
|-status|p2a: Cinderace|tox
|
|-damage|p2a: Cinderace|120/240 tox|[from] psn
|upkeep
|turn|6
|inactive|Battle timer is ON: inactive players will automatically lose when time's up. (requested by yavodyanoy)
|
|t:|1685495755
|move|p2a: Cinderace|U-turn|p1a: Reshiram
|-start|p2a: Cinderace|typechange|Bug|[from] ability: Libero
|-resisted|p1a: Reshiram
|-damage|p1a: Reshiram|152/270
|
|t:|1685495769
|switch|p2a: Victini|Victini, L78|283/283|[from] U-turn
|move|p1a: Reshiram|Blue Flare|p2a: Victini
|-resisted|p2a: Victini
|-damage|p2a: Victini|208/283
|
|upkeep
|turn|7
|
|t:|1685495782
|switch|p1a: Azumarill|Azumarill, L84, F|305/305
|move|p2a: Victini|U-turn|p1a: Azumarill
|-resisted|p1a: Azumarill
|-damage|p1a: Azumarill|280/305
|
|t:|1685495788
|switch|p2a: Tsareena|Tsareena, L84, F|159/258|[from] U-turn
|
|upkeep
|turn|8
|
|t:|1685495804
|switch|p1a: Volcarona|Volcarona, L76, M|254/254
|move|p2a: Tsareena|Power Whip|p1a: Volcarona
|-resisted|p1a: Volcarona
|-damage|p1a: Volcarona|186/254
|-damage|p2a: Tsareena|134/258|[from] item: Life Orb
|
|upkeep
|turn|9
|
|t:|1685495819
|switch|p2a: Lycanroc|Lycanroc-Dusk, L80, F|251/251
|move|p1a: Volcarona|Giga Drain|p2a: Lycanroc
|-supereffective|p2a: Lycanroc
|-damage|p2a: Lycanroc|113/251
|-heal|p1a: Volcarona|254/254|[from] drain|[of] p2a: Lycanroc
|
|upkeep
|turn|10
|inactive|gopqy has 270 seconds left.
|
|t:|1685495858
|-start|p2a: Lycanroc|Dynamax|
|-heal|p2a: Lycanroc|226/502|[silent]
|move|p2a: Lycanroc|Max Rockfall|p1a: Volcarona
|-supereffective|p1a: Volcarona
|-damage|p1a: Volcarona|0 fnt
|-weather|Sandstorm
|faint|p1a: Volcarona
|
|-weather|Sandstorm|[upkeep]
|upkeep
|
|t:|1685495869
|switch|p1a: Azumarill|Azumarill, L84, F|280/305
|turn|11
|inactive|gopqy has 270 seconds left.
|
|t:|1685495900
|-start|p1a: Azumarill|Dynamax|
|-heal|p1a: Azumarill|560/610|[silent]
|move|p2a: Lycanroc|Max Mindstorm|p1a: Azumarill
|-damage|p1a: Azumarill|446/610
|-fieldstart|move: Psychic Terrain
|move|p1a: Azumarill|Max Geyser|p2a: Lycanroc
|-supereffective|p2a: Lycanroc
|-damage|p2a: Lycanroc|0 fnt
|-weather|RainDance
|faint|p2a: Lycanroc
|
|-weather|RainDance|[upkeep]
|upkeep
|inactive|gopqy has 240 seconds left.
|inactive|gopqy has 210 seconds left.
|
|t:|1685495961
|switch|p2a: Shiinotic|Shiinotic, L86, M|243/243
|turn|12
|
|t:|1685495969
|move|p1a: Azumarill|Max Geyser|p2a: Shiinotic
|-resisted|p2a: Shiinotic
|-damage|p2a: Shiinotic|150/243
|move|p2a: Shiinotic|Strength Sap|p1a: Azumarill
|-unboost|p1a: Azumarill|atk|1
|-heal|p2a: Shiinotic|243/243
|
|-weather|RainDance|[upkeep]
|upkeep
|turn|13
|
|t:|1685495980
|move|p1a: Azumarill|Max Knuckle|p2a: Shiinotic
|-resisted|p2a: Shiinotic
|-damage|p2a: Shiinotic|213/243
|-boost|p1a: Azumarill|atk|1
|move|p2a: Shiinotic|Strength Sap|p1a: Azumarill
|-unboost|p1a: Azumarill|atk|1
|-heal|p2a: Shiinotic|243/243
|
|-weather|RainDance|[upkeep]
|upkeep
|-end|p1a: Azumarill|Dynamax
|-heal|p1a: Azumarill|223/305|[silent]
|turn|14
|
|t:|1685496001
|switch|p1a: Reshiram|Reshiram, L74|152/270
|-ability|p1a: Reshiram|Turboblaze
|move|p2a: Shiinotic|Energy Ball|p1a: Reshiram
|-resisted|p1a: Reshiram
|-damage|p1a: Reshiram|133/270
|
|-weather|RainDance|[upkeep]
|upkeep
|turn|15
|inactive|gopqy has 180 seconds left.
|
|t:|1685496029
|move|p1a: Reshiram|Blue Flare|p2a: Shiinotic
|-supereffective|p2a: Shiinotic
|-damage|p2a: Shiinotic|115/243
|move|p2a: Shiinotic|Moonblast|p1a: Reshiram
|-damage|p1a: Reshiram|39/270
|
|-weather|none
|-heal|p2a: Shiinotic|130/243|[from] item: Leftovers
|-fieldend|move: Psychic Terrain
|upkeep
|turn|16
|
|t:|1685496043
|move|p1a: Reshiram|Roost|p1a: Reshiram
|-heal|p1a: Reshiram|174/270
|-singleturn|p1a: Reshiram|move: Roost
|move|p2a: Shiinotic|Moonblast|p1a: Reshiram
|-damage|p1a: Reshiram|87/270
|-unboost|p1a: Reshiram|spa|1
|
|-heal|p2a: Shiinotic|145/243|[from] item: Leftovers
|upkeep
|turn|17
|
|t:|1685496055
|move|p1a: Reshiram|Roost|p1a: Reshiram
|-heal|p1a: Reshiram|222/270
|-singleturn|p1a: Reshiram|move: Roost
|move|p2a: Shiinotic|Strength Sap|p1a: Reshiram
|-unboost|p1a: Reshiram|atk|1
|-heal|p2a: Shiinotic|243/243
|
|upkeep
|turn|18
|
|t:|1685496065
|move|p1a: Reshiram|Blue Flare|p2a: Shiinotic
|-supereffective|p2a: Shiinotic
|-damage|p2a: Shiinotic|63/243
|move|p2a: Shiinotic|Leech Seed|p1a: Reshiram
|-start|p1a: Reshiram|move: Leech Seed
|
|-heal|p2a: Shiinotic|78/243|[from] item: Leftovers
|-damage|p1a: Reshiram|189/270|[from] Leech Seed|[of] p2a: Shiinotic
|-heal|p2a: Shiinotic|111/243|[silent]
|upkeep
|turn|19
|inactive|gopqy has 180 seconds left.
|
|t:|1685496073
|move|p1a: Reshiram|Blue Flare|p2a: Shiinotic|[miss]
|-miss|p1a: Reshiram|p2a: Shiinotic
|move|p2a: Shiinotic|Strength Sap|p1a: Reshiram
|-unboost|p1a: Reshiram|atk|1
|-heal|p2a: Shiinotic|232/243
|
|-heal|p2a: Shiinotic|243/243|[from] item: Leftovers
|-damage|p1a: Reshiram|156/270|[from] Leech Seed|[of] p2a: Shiinotic
|upkeep
|turn|20
|inactive|gopqy has 180 seconds left.
|
|t:|1685496085
|move|p1a: Reshiram|Blue Flare|p2a: Shiinotic
|-supereffective|p2a: Shiinotic
|-damage|p2a: Shiinotic|63/243
|move|p2a: Shiinotic|Moonblast|p1a: Reshiram
|-damage|p1a: Reshiram|65/270
|
|-heal|p2a: Shiinotic|78/243|[from] item: Leftovers
|-damage|p1a: Reshiram|32/270|[from] Leech Seed|[of] p2a: Shiinotic
|-heal|p2a: Shiinotic|111/243|[silent]
|upkeep
|turn|21
|inactive|gopqy has 180 seconds left.
|
|t:|1685496097
|move|p1a: Reshiram|Roost|p1a: Reshiram
|-heal|p1a: Reshiram|167/270
|-singleturn|p1a: Reshiram|move: Roost
|move|p2a: Shiinotic|Strength Sap|p1a: Reshiram
|-unboost|p1a: Reshiram|atk|1
|-heal|p2a: Shiinotic|202/243
|
|-heal|p2a: Shiinotic|217/243|[from] item: Leftovers
|-damage|p1a: Reshiram|134/270|[from] Leech Seed|[of] p2a: Shiinotic
|-heal|p2a: Shiinotic|243/243|[silent]
|upkeep
|turn|22
|inactive|gopqy has 180 seconds left.
|
|t:|1685496108
|move|p1a: Reshiram|Roost|p1a: Reshiram
|-heal|p1a: Reshiram|269/270
|-singleturn|p1a: Reshiram|move: Roost
|move|p2a: Shiinotic|Moonblast|p1a: Reshiram
|-damage|p1a: Reshiram|185/270
|-unboost|p1a: Reshiram|spa|1
|
|-damage|p1a: Reshiram|152/270|[from] Leech Seed|[of] p2a: Shiinotic
|upkeep
|turn|23
|inactive|gopqy has 180 seconds left.
|
|t:|1685496120
|move|p1a: Reshiram|Blue Flare|p2a: Shiinotic
|-supereffective|p2a: Shiinotic
|-damage|p2a: Shiinotic|105/243
|move|p2a: Shiinotic|Strength Sap|p1a: Reshiram
|-unboost|p1a: Reshiram|atk|1
|-heal|p2a: Shiinotic|177/243
|
|-heal|p2a: Shiinotic|192/243|[from] item: Leftovers
|-damage|p1a: Reshiram|119/270|[from] Leech Seed|[of] p2a: Shiinotic
|-heal|p2a: Shiinotic|225/243|[silent]
|upkeep
|turn|24
|inactive|gopqy has 180 seconds left.
|
|t:|1685496133
|move|p1a: Reshiram|Roost|p1a: Reshiram
|-heal|p1a: Reshiram|254/270
|-singleturn|p1a: Reshiram|move: Roost
|move|p2a: Shiinotic|Moonblast|p1a: Reshiram
|-damage|p1a: Reshiram|172/270
|
|-heal|p2a: Shiinotic|240/243|[from] item: Leftovers
|-damage|p1a: Reshiram|139/270|[from] Leech Seed|[of] p2a: Shiinotic
|-heal|p2a: Shiinotic|243/243|[silent]
|upkeep
|turn|25
|inactive|gopqy has 180 seconds left.
|
|t:|1685496144
|move|p1a: Reshiram|Roost|p1a: Reshiram
|-heal|p1a: Reshiram|270/270
|-singleturn|p1a: Reshiram|move: Roost
|move|p2a: Shiinotic|Strength Sap|p1a: Reshiram
|-unboost|p1a: Reshiram|atk|1
|
|-damage|p1a: Reshiram|237/270|[from] Leech Seed|[of] p2a: Shiinotic
|upkeep
|turn|26
|inactive|gopqy has 180 seconds left.
|
|t:|1685496154
|move|p1a: Reshiram|Blue Flare|p2a: Shiinotic
|-supereffective|p2a: Shiinotic
|-damage|p2a: Shiinotic|109/243
|move|p2a: Shiinotic|Strength Sap|p1a: Reshiram
|-unboost|p1a: Reshiram|atk|1
|-heal|p2a: Shiinotic|161/243
|
|-heal|p2a: Shiinotic|176/243|[from] item: Leftovers
|-damage|p1a: Reshiram|204/270|[from] Leech Seed|[of] p2a: Shiinotic
|-heal|p2a: Shiinotic|209/243|[silent]
|upkeep
|turn|27
|inactive|gopqy has 180 seconds left.
|
|t:|1685496167
|move|p1a: Reshiram|Draco Meteor|p2a: Shiinotic
|-immune|p2a: Shiinotic
|move|p2a: Shiinotic|Moonblast|p1a: Reshiram
|-damage|p1a: Reshiram|111/270
|
|-heal|p2a: Shiinotic|224/243|[from] item: Leftovers
|-damage|p1a: Reshiram|78/270|[from] Leech Seed|[of] p2a: Shiinotic
|-heal|p2a: Shiinotic|243/243|[silent]
|upkeep
|turn|28
|inactive|gopqy has 180 seconds left.
|
|t:|1685496177
|move|p1a: Reshiram|Roost|p1a: Reshiram
|-heal|p1a: Reshiram|213/270
|-singleturn|p1a: Reshiram|move: Roost
|move|p2a: Shiinotic|Moonblast|p1a: Reshiram
|-damage|p1a: Reshiram|122/270
|-unboost|p1a: Reshiram|spa|1
|
|-damage|p1a: Reshiram|89/270|[from] Leech Seed|[of] p2a: Shiinotic
|upkeep
|turn|29
|inactive|gopqy has 180 seconds left.
|
|t:|1685496189
|move|p1a: Reshiram|Roost|p1a: Reshiram
|-heal|p1a: Reshiram|224/270
|-singleturn|p1a: Reshiram|move: Roost
|move|p2a: Shiinotic|Moonblast|p1a: Reshiram
|-damage|p1a: Reshiram|142/270
|
|-damage|p1a: Reshiram|109/270|[from] Leech Seed|[of] p2a: Shiinotic
|upkeep
|turn|30
|
|t:|1685496199
|move|p1a: Reshiram|Roost|p1a: Reshiram
|-heal|p1a: Reshiram|244/270
|-singleturn|p1a: Reshiram|move: Roost
|move|p2a: Shiinotic|Moonblast|p1a: Reshiram
|-damage|p1a: Reshiram|153/270
|
|-damage|p1a: Reshiram|120/270|[from] Leech Seed|[of] p2a: Shiinotic
|upkeep
|turn|31
|
|t:|1685496206
|move|p1a: Reshiram|Roost|p1a: Reshiram
|-heal|p1a: Reshiram|255/270
|-singleturn|p1a: Reshiram|move: Roost
|move|p2a: Shiinotic|Moonblast|p1a: Reshiram
|-damage|p1a: Reshiram|159/270
|
|-damage|p1a: Reshiram|126/270|[from] Leech Seed|[of] p2a: Shiinotic
|upkeep
|turn|32
|
|t:|1685496216
|move|p1a: Reshiram|Roost|p1a: Reshiram
|-heal|p1a: Reshiram|261/270
|-singleturn|p1a: Reshiram|move: Roost
|move|p2a: Shiinotic|Moonblast|p1a: Reshiram
|-damage|p1a: Reshiram|171/270
|
|-damage|p1a: Reshiram|138/270|[from] Leech Seed|[of] p2a: Shiinotic
|upkeep
|turn|33
|
|t:|1685496226
|move|p1a: Reshiram|Roost|p1a: Reshiram
|-heal|p1a: Reshiram|270/270
|-singleturn|p1a: Reshiram|move: Roost
|move|p2a: Shiinotic|Moonblast|p1a: Reshiram
|-damage|p1a: Reshiram|174/270
|-unboost|p1a: Reshiram|spa|1
|
|-damage|p1a: Reshiram|141/270|[from] Leech Seed|[of] p2a: Shiinotic
|upkeep
|turn|34
|
|t:|1685496238
|move|p1a: Reshiram|Toxic|p2a: Shiinotic
|-status|p2a: Shiinotic|tox
|move|p2a: Shiinotic|Energy Ball|p1a: Reshiram
|-resisted|p1a: Reshiram
|-damage|p1a: Reshiram|120/270
|
|-damage|p1a: Reshiram|87/270|[from] Leech Seed|[of] p2a: Shiinotic
|-damage|p2a: Shiinotic|228/243 tox|[from] psn
|upkeep
|turn|35
|
|t:|1685496250
|move|p1a: Reshiram|Roost|p1a: Reshiram
|-heal|p1a: Reshiram|222/270
|-singleturn|p1a: Reshiram|move: Roost
|move|p2a: Shiinotic|Energy Ball|p1a: Reshiram
|-resisted|p1a: Reshiram
|-damage|p1a: Reshiram|201/270
|
|-heal|p2a: Shiinotic|243/243 tox|[from] item: Leftovers
|-damage|p1a: Reshiram|168/270|[from] Leech Seed|[of] p2a: Shiinotic
|-damage|p2a: Shiinotic|213/243 tox|[from] psn
|upkeep
|turn|36
|
|t:|1685496263
|switch|p1a: Magnezone|Magnezone, L84|255/255
|move|p2a: Shiinotic|Energy Ball|p1a: Magnezone
|-resisted|p1a: Magnezone
|-damage|p1a: Magnezone|225/255
|
|-heal|p2a: Shiinotic|228/243 tox|[from] item: Leftovers
|-damage|p2a: Shiinotic|183/243 tox|[from] psn
|upkeep
|turn|37
|
|t:|1685496274
|move|p1a: Magnezone|Thunderbolt|p2a: Shiinotic
|-resisted|p2a: Shiinotic
|-damage|p2a: Shiinotic|131/243 tox
|move|p2a: Shiinotic|Leech Seed|p1a: Magnezone
|-start|p1a: Magnezone|move: Leech Seed
|
|-heal|p2a: Shiinotic|146/243 tox|[from] item: Leftovers
|-damage|p1a: Magnezone|194/255|[from] Leech Seed|[of] p2a: Shiinotic
|-heal|p2a: Shiinotic|177/243 tox|[silent]
|-damage|p2a: Shiinotic|117/243 tox|[from] psn
|upkeep
|turn|38
|
|t:|1685496287
|move|p2a: Shiinotic|Strength Sap|p1a: Magnezone
|-unboost|p1a: Magnezone|atk|1
|-heal|p2a: Shiinotic|239/243 tox
|move|p1a: Magnezone|Mirror Coat||[still]
|-fail|p1a: Magnezone
|
|-heal|p2a: Shiinotic|243/243 tox|[from] item: Leftovers
|-damage|p1a: Magnezone|163/255|[from] Leech Seed|[of] p2a: Shiinotic
|-damage|p2a: Shiinotic|168/243 tox|[from] psn
|upkeep
|turn|39
|
|t:|1685496300
|move|p1a: Magnezone|Thunderbolt|p2a: Shiinotic
|-resisted|p2a: Shiinotic
|-damage|p2a: Shiinotic|114/243 tox
|move|p2a: Shiinotic|Moonblast|p1a: Magnezone
|-resisted|p1a: Magnezone
|-damage|p1a: Magnezone|130/255
|
|-heal|p2a: Shiinotic|129/243 tox|[from] item: Leftovers
|-damage|p1a: Magnezone|99/255|[from] Leech Seed|[of] p2a: Shiinotic
|-heal|p2a: Shiinotic|160/243 tox|[silent]
|-damage|p2a: Shiinotic|70/243 tox|[from] psn
|upkeep
|turn|40
|
|t:|1685496313
|move|p1a: Magnezone|Thunderbolt|p2a: Shiinotic
|-resisted|p2a: Shiinotic
|-damage|p2a: Shiinotic|20/243 tox
|move|p2a: Shiinotic|Strength Sap|p1a: Magnezone
|-unboost|p1a: Magnezone|atk|1
|-heal|p2a: Shiinotic|101/243 tox
|
|-heal|p2a: Shiinotic|116/243 tox|[from] item: Leftovers
|-damage|p1a: Magnezone|68/255|[from] Leech Seed|[of] p2a: Shiinotic
|-heal|p2a: Shiinotic|147/243 tox|[silent]
|-damage|p2a: Shiinotic|42/243 tox|[from] psn
|upkeep
|turn|41
|
|t:|1685496330
|move|p1a: Magnezone|Thunderbolt|p2a: Shiinotic
|-resisted|p2a: Shiinotic
|-damage|p2a: Shiinotic|0 fnt
|faint|p2a: Shiinotic
|
|upkeep
|
|t:|1685496338
|switch|p2a: Tsareena|Tsareena, L84, F|134/258
|turn|42
|
|t:|1685496350
|move|p2a: Tsareena|Synthesis|p2a: Tsareena
|-heal|p2a: Tsareena|258/258
|move|p1a: Magnezone|Thunderbolt|p2a: Tsareena
|-resisted|p2a: Tsareena
|-damage|p2a: Tsareena|200/258
|-status|p2a: Tsareena|par
|
|-damage|p1a: Magnezone|37/255|[from] Leech Seed|[of] p2a: Tsareena
|-heal|p2a: Tsareena|231/258 par|[silent]
|upkeep
|turn|43
|
|t:|1685496366
|move|p2a: Tsareena|Knock Off|p1a: Magnezone
|-damage|p1a: Magnezone|0 fnt
|-enditem|p1a: Magnezone|Assault Vest|[from] move: Knock Off|[of] p2a: Tsareena
|faint|p1a: Magnezone
|-damage|p2a: Tsareena|206/258 par|[from] item: Life Orb
|
|upkeep
|
|t:|1685496375
|switch|p1a: Reshiram|Reshiram, L74|168/270
|-ability|p1a: Reshiram|Turboblaze
|turn|44
|
|t:|1685496386
|switch|p2a: Cinderace|Cinderace, L74, M|120/240 tox
|move|p1a: Reshiram|Draco Meteor|p2a: Cinderace
|-damage|p2a: Cinderace|0 fnt
|-unboost|p1a: Reshiram|spa|2
|faint|p2a: Cinderace
|
|upkeep
|
|t:|1685496400
|switch|p2a: Victini|Victini, L78|208/283
|turn|45
|
|t:|1685496411
|switch|p1a: Azumarill|Azumarill, L84, F|223/305
|move|p2a: Victini|Energy Ball|p1a: Azumarill
|-supereffective|p1a: Azumarill
|-damage|p1a: Azumarill|37/305
|
|upkeep
|turn|46
|
|t:|1685496420
|move|p1a: Azumarill|Aqua Jet|p2a: Victini
|-supereffective|p2a: Victini
|-damage|p2a: Victini|40/283
|move|p2a: Victini|Energy Ball|p1a: Azumarill
|-supereffective|p1a: Azumarill
|-damage|p1a: Azumarill|0 fnt
|faint|p1a: Azumarill
|
|upkeep
|
|t:|1685496432
|switch|p1a: Musharna|Musharna, L86, F|340/340
|turn|47
|inactive|gopqy has 210 seconds left.
|
|t:|1685496442
|switch|p2a: Tsareena|Tsareena, L84, F|206/258 par
|move|p1a: Musharna|Moonblast|p2a: Tsareena
|-damage|p2a: Tsareena|142/258 par
|
|upkeep
|turn|48
|inactive|gopqy has 210 seconds left.
|
|t:|1685496458
|move|p1a: Musharna|Thunder Wave|p2a: Tsareena
|-fail|p2a: Tsareena|par
|move|p2a: Tsareena|Synthesis|p2a: Tsareena
|-heal|p2a: Tsareena|258/258 par
|
|upkeep
|turn|49
|inactive|gopqy has 210 seconds left.
|
|t:|1685496468
|move|p1a: Musharna|Moonblast|p2a: Tsareena
|-damage|p2a: Tsareena|190/258 par
|move|p2a: Tsareena|Power Whip|p1a: Musharna
|-damage|p1a: Musharna|149/340
|-damage|p2a: Tsareena|165/258 par|[from] item: Life Orb
|
|-heal|p1a: Musharna|170/340|[from] item: Leftovers
|upkeep
|turn|50
|inactive|gopqy has 210 seconds left.
|
|t:|1685496478
|move|p1a: Musharna|Psychic|p2a: Tsareena
|-damage|p2a: Tsareena|65/258 par
|cant|p2a: Tsareena|par
|
|-heal|p1a: Musharna|191/340|[from] item: Leftovers
|upkeep
|turn|51
|inactive|gopqy has 210 seconds left.
|
|t:|1685496489
|move|p1a: Musharna|Psychic|p2a: Tsareena
|-damage|p2a: Tsareena|0 fnt
|faint|p2a: Tsareena
|
|-heal|p1a: Musharna|212/340|[from] item: Leftovers
|upkeep
|inactive|gopqy has 210 seconds left.
|
|t:|1685496495
|switch|p2a: Victini|Victini, L78|40/283
|turn|52
|
|t:|1685496505
|move|p2a: Victini|Blue Flare|p1a: Musharna
|-damage|p1a: Musharna|35/340
|move|p1a: Musharna|Psychic|p2a: Victini
|-resisted|p2a: Victini
|-damage|p2a: Victini|0 fnt
|faint|p2a: Victini
|
|win|yavodyanoy
|l|☆gopqy
