|j|☆gopqy
|j|☆doomaker12
|t:|1685404296
|gametype|singles
|player|p1|gopqy|selene|1052
|player|p2|doomaker12|2|1197
|teamsize|p1|6
|teamsize|p2|6
|gen|8
|tier|[Gen 8] Random Battle
|rated|
|rule|Species Clause: Limit one of each Pokémon
|rule|HP Percentage Mod: HP is shown in percentages
|rule|Sleep Clause Mod: Limit one foe put to sleep
|
|t:|1685404296
|start
|switch|p1a: Indeedee|Indeedee-F, L85, F|258/258
|switch|p2a: Thundurus|Thundurus, L80, M|258/258
|-fieldstart|move: Psychic Terrain|[from] ability: Psychic Surge|[of] p1a: Indeedee
|turn|1
|
|t:|1685404312
|move|p2a: Thundurus|Nasty Plot|p2a: Thundurus
|-boost|p2a: Thundurus|spa|2
|move|p1a: Indeedee|Calm Mind|p1a: Indeedee
|-boost|p1a: Indeedee|spa|1
|-boost|p1a: Indeedee|spd|1
|
|upkeep
|turn|2
|
|t:|1685404319
|move|p2a: Thundurus|Thunderbolt|p1a: Indeedee
|-damage|p1a: Indeedee|144/258
|move|p1a: Indeedee|Calm Mind|p1a: Indeedee
|-boost|p1a: Indeedee|spa|1
|-boost|p1a: Indeedee|spd|1
|
|upkeep
|turn|3
|
|t:|1685404355
|move|p2a: Thundurus|Thunderbolt|p1a: Indeedee
|-damage|p1a: Indeedee|53/258
|move|p1a: Indeedee|Expanding Force|p2a: Thundurus
|-damage|p2a: Thundurus|0 fnt
|faint|p2a: Thundurus
|-damage|p1a: Indeedee|28/258|[from] item: Life Orb
|
|upkeep
|
|t:|1685404360
|switch|p2a: Bisharp|Bisharp, L80, F|235/235
|turn|4
|
|t:|1685404377
|-start|p1a: Indeedee|Dynamax|
|-heal|p1a: Indeedee|56/516|[silent]
|move|p1a: Indeedee|Max Flare|p2a: Bisharp
|-supereffective|p2a: Bisharp
|-damage|p2a: Bisharp|0 fnt
|-weather|SunnyDay
|faint|p2a: Bisharp
|-damage|p1a: Indeedee|31/516|[from] item: Life Orb
|
|-weather|SunnyDay|[upkeep]
|upkeep
|
|t:|1685404383
|switch|p2a: Entei|Entei, L78|307/307
|turn|5
|
|t:|1685404399
|move|p2a: Entei|Extreme Speed|p1a: Indeedee
|-activate|p1a: Indeedee|move: Psychic Terrain
|move|p1a: Indeedee|Max Mindstorm|p2a: Entei
|-damage|p2a: Entei|0 fnt
|faint|p2a: Entei
|-damage|p1a: Indeedee|6/516|[from] item: Life Orb
|
|-weather|SunnyDay|[upkeep]
|-fieldend|move: Psychic Terrain
|upkeep
|inactive|Battle timer is ON: inactive players will automatically lose when time's up. (requested by doomaker12)
|-message|doomaker12 forfeited.
|
|win|gopqy
|raw|gopqy's rating: 1052 &rarr; <strong>1097</strong><br />(+45 for winning)
|raw|doomaker12's rating: 1197 &rarr; <strong>1162</strong><br />(-35 for losing)
|l|☆doomaker12
