|j|☆xiaoheizi114514
|j|☆guiri678
|t:|1683813900
|gametype|singles
|player|p1|xiaoheizi114514|dawn|
|player|p2|guiri678|101|
|teamsize|p1|2
|teamsize|p2|2
|gen|8
|tier|[Gen 8] Random Battle
|rated|Tournament battle
|rule|Species Clause: Limit one of each Pokémon
|rule|HP Percentage Mod: HP is shown in percentages
|rule|Sleep Clause Mod: Limit one foe put to sleep
|
|t:|1683813900
|start
|switch|p1a: Cinderace|Cinderace, L50, F|166/166
|switch|p2a: Zygarde|Zygarde-10%, L50|140/140
|-ability|p2a: Zygarde|Aura Break
|turn|1
|inactive|Battle timer is ON: inactive players will automatically lose when time's up. (requested by guiri678)
|
|t:|1683813925
|move|p1a: Cinderace|High Jump Kick|p2a: Zygarde
|-start|p1a: Cinderace|typechange|Fighting|[from] ability: Libero
|-damage|p2a: Zygarde|16/140
|move|p2a: Zygarde|Thousand Arrows|p1a: Cinderace
|-damage|p1a: Cinderace|97/166
|
|upkeep
|turn|2
|
|t:|1683813939
|move|p2a: Zygarde|Extreme Speed|p1a: Cinderace
|-damage|p1a: Cinderace|54/166
|move|p1a: Cinderace|Pyro Ball|p2a: Zygarde
|-start|p1a: Cinderace|typechange|Fire|[from] ability: Libero
|-resisted|p2a: Zygarde
|-damage|p2a: Zygarde|0 fnt
|faint|p2a: Zygarde
|
|upkeep
|
|t:|1683813943
|switch|p2a: Cinderace|Cinderace, L50, M|166/166
|turn|3
|
|t:|1683813951
|move|p1a: Cinderace|Sucker Punch|p2a: Cinderace
|-start|p1a: Cinderace|typechange|Dark|[from] ability: Libero
|-damage|p2a: Cinderace|106/166
|move|p2a: Cinderace|High Jump Kick|p1a: Cinderace|[miss]
|-start|p2a: Cinderace|typechange|Fighting|[from] ability: Libero
|-miss|p2a: Cinderace|p1a: Cinderace
|-damage|p2a: Cinderace|23/166|[from] highjumpkick
|
|upkeep
|turn|4
|l|☆guiri678
|inactive|guiri678 disconnected and has a minute to reconnect!
|player|p2|
|inactive|guiri678 has 30 seconds to reconnect!
|inactive|guiri678 has 20 seconds to reconnect!
|inactive|guiri678 has 15 seconds to reconnect!
|inactive|guiri678 has 10 seconds to reconnect!
|j|☆guiri678
|inactive|guiri678 reconnected and has 75 seconds left.
|player|p2|guiri678|101
|inactive|guiri678 has 60 seconds left.
|
|t:|1683814053
|-start|p2a: Cinderace|Dynamax|
|-heal|p2a: Cinderace|46/332|[silent]
|move|p1a: Cinderace|Sucker Punch|p2a: Cinderace
|-resisted|p2a: Cinderace
|-damage|p2a: Cinderace|18/332
|move|p2a: Cinderace|Max Knuckle|p1a: Cinderace
|-supereffective|p1a: Cinderace
|-crit|p1a: Cinderace
|-damage|p1a: Cinderace|0 fnt
|-boost|p2a: Cinderace|atk|1
|faint|p1a: Cinderace
|
|upkeep
|
|t:|1683814058
|switch|p1a: Zapdos|Zapdos-Galar, L50|176/176
|turn|5
|
|t:|1683814062
|-start|p1a: Zapdos|Dynamax|
|-heal|p1a: Zapdos|352/352|[silent]
|move|p2a: Cinderace|Max Flare|p1a: Zapdos
|-start|p2a: Cinderace|typechange|Fire|[from] ability: Libero
|-damage|p1a: Zapdos|189/352
|-weather|SunnyDay
|move|p1a: Zapdos|Max Airstream|p2a: Cinderace
|-damage|p2a: Cinderace|0 fnt
|-boost|p1a: Zapdos|spe|1
|faint|p2a: Cinderace
|-damage|p1a: Zapdos|172/352|[from] item: Life Orb
|
|win|xiaoheizi114514
|n|☆xiaoheizi114514|xiaoheizi114514
|n|☆guiri678|guiri678
