{"id": "gen8randombattle-1861664387", "p1": "ProRedGamer37", "p2": "lucasrama31", "format": "[Gen 8] Random Battle", "log": "|j|\u2606ProRedGamer37\n|j|\u2606lucasrama31\n|t:|1683790600\n|gametype|singles\n|player|p1|ProRedGamer37|2|1086\n|player|p2|lucasrama31|170|1114\n|teamsize|p1|6\n|teamsize|p2|6\n|gen|8\n|tier|[Gen 8] Random Battle\n|rated|\n|rule|Species Clause: Limit one of each Pok\u00e9mon\n|rule|HP Percentage Mod: HP is shown in percentages\n|rule|Sleep Clause Mod: Limit one foe put to sleep\n|\n|t:|1683790600\n|start\n|switch|p1a: Palossand|Palossand, L86, F|286/286\n|switch|p2a: Jellicent|Jellicent, L84, M|305/305\n|turn|1\n|\n|t:|1683790615\n|move|p2a: Jellicent|Shadow Ball|p1a: Palossand\n|-supereffective|p1a: Palossand\n|-damage|p1a: Palossand|122/286\n|move|p1a: Palossand|Stealth Rock|p2a: Jellicent\n|-sidestart|p2: lucasrama31|move: Stealth Rock\n|\n|-heal|p1a: Palossand|139/286|[from] item: Leftovers\n|upkeep\n|turn|2\n|\n|t:|1683790628\n|move|p2a: Jellicent|Shadow Ball|p1a: Palossand\n|-supereffective|p1a: Palossand\n|-damage|p1a: Palossand|0 fnt\n|faint|p1a: Palossand\n|\n|upkeep\n|\n|t:|1683790643\n|switch|p1a: Skarmory|Skarmory, L80, M|235/235\n|turn|3\n|\n|t:|1683790676\n|switch|p2a: Talonflame|Talonflame, L81, F|259/259\n|move|p1a: Skarmory|Whirlwind|p2a: Talonflame\n|drag|p2a: Mr. Mime|Mr. Mime-Galar, L86, M|226/226\n|-damage|p2a: Mr. Mime|170/226|[from] Stealth Rock\n|\n|upkeep\n|turn|4\n|\n|t:|1683790716\n|move|p2a: Mr. Mime|Focus Blast|p1a: Skarmory|[miss]\n|-miss|p2a: Mr. Mime|p1a: Skarmory\n|move|p1a: Skarmory|Brave Bird|p2a: Mr. Mime\n|-damage|p2a: Mr. Mime|80/226\n|-damage|p1a: Skarmory|205/235|[from] Recoil\n|\n|-heal|p1a: Skarmory|219/235|[from] item: Leftovers\n|upkeep\n|turn|5\n|\n|t:|1683790729\n|move|p2a: Mr. Mime|Focus Blast|p1a: Skarmory|[miss]\n|-miss|p2a: Mr. Mime|p1a: Skarmory\n|move|p1a: Skarmory|Spikes|p2a: Mr. Mime\n|-sidestart|p2: lucasrama31|Spikes\n|\n|-heal|p1a: Skarmory|233/235|[from] item: Leftovers\n|upkeep\n|turn|6\n|\n|t:|1683790736\n|move|p2a: Mr. Mime|Focus Blast|p1a: Skarmory\n|-damage|p1a: Skarmory|128/235\n|move|p1a: Skarmory|Brave Bird|p2a: Mr. Mime\n|-damage|p2a: Mr. Mime|0 fnt\n|faint|p2a: Mr. Mime\n|-damage|p1a: Skarmory|102/235|[from] Recoil\n|\n|-heal|p1a: Skarmory|116/235|[from] item: Leftovers\n|upkeep\n|\n|t:|1683790742\n|switch|p2a: Talonflame|Talonflame, L81, F|259/259\n|turn|7\n|\n|t:|1683790753\n|move|p2a: Talonflame|Flare Blitz|p1a: Skarmory\n|-supereffective|p1a: Skarmory\n|-damage|p1a: Skarmory|0 fnt\n|faint|p1a: Skarmory\n|-damage|p2a: Talonflame|221/259|[from] Recoil\n|\n|upkeep\n|\n|t:|1683790766\n|switch|p1a: Gastrodon|Gastrodon, L84, M|324/324\n|turn|8\n|\n|t:|1683790772\n|switch|p2a: Garbodor|Garbodor, L87, M|281/281\n|-damage|p2a: Garbodor|246/281|[from] Stealth Rock\n|-damage|p2a: Garbodor|211/281|[from] Spikes\n|move|p1a: Gastrodon|Scald|p2a: Garbodor\n|-damage|p2a: Garbodor|121/281\n|-status|p2a: Garbodor|brn\n|\n|-heal|p2a: Garbodor|138/281 brn|[from] item: Black Sludge\n|-damage|p2a: Garbodor|121/281 brn|[from] brn\n|upkeep\n|turn|9\n|\n|t:|1683790784\n|move|p2a: Garbodor|Toxic Spikes|p1a: Gastrodon\n|-sidestart|p1: ProRedGamer37|move: Toxic Spikes\n|move|p1a: Gastrodon|Earthquake|p2a: Garbodor\n|-supereffective|p2a: Garbodor\n|-damage|p2a: Garbodor|0 fnt\n|faint|p2a: Garbodor\n|\n|upkeep\n|\n|t:|1683790789\n|switch|p2a: Armaldo|Armaldo, L86, F|269/269\n|turn|10\n|\n|t:|1683790796\n|switch|p2a: Celebi|Celebi, L82|298/298\n|-damage|p2a: Celebi|261/298|[from] Stealth Rock\n|-damage|p2a: Celebi|224/298|[from] Spikes\n|move|p1a: Gastrodon|Earthquake|p2a: Celebi\n|-resisted|p2a: Celebi\n|-crit|p2a: Celebi\n|-damage|p2a: Celebi|156/298\n|\n|-heal|p2a: Celebi|174/298|[from] item: Leftovers\n|upkeep\n|turn|11\n|\n|t:|1683790809\n|move|p2a: Celebi|Psychic|p1a: Gastrodon\n|-damage|p1a: Gastrodon|222/324\n|move|p1a: Gastrodon|Earthquake|p2a: Celebi\n|-resisted|p2a: Celebi\n|-damage|p2a: Celebi|129/298\n|\n|-heal|p2a: Celebi|147/298|[from] item: Leftovers\n|-heal|p1a: Gastrodon|242/324|[from] item: Leftovers\n|upkeep\n|turn|12\n|\n|t:|1683790832\n|move|p2a: Celebi|Giga Drain|p1a: Gastrodon\n|-supereffective|p1a: Gastrodon\n|-damage|p1a: Gastrodon|0 fnt\n|-heal|p2a: Celebi|268/298|[from] drain|[of] p1a: Gastrodon\n|faint|p1a: Gastrodon\n|\n|-heal|p2a: Celebi|286/298|[from] item: Leftovers\n|upkeep\n|\n|t:|1683790841\n|switch|p1a: Marowak|Marowak-Alola, L84, F|238/238\n|-status|p1a: Marowak|psn\n|turn|13\n|\n|t:|1683790849\n|move|p2a: Celebi|Psychic|p1a: Marowak\n|-damage|p1a: Marowak|142/238 psn\n|move|p1a: Marowak|Flame Charge|p2a: Celebi\n|-supereffective|p2a: Celebi\n|-damage|p2a: Celebi|112/298\n|-boost|p1a: Marowak|spe|1\n|\n|-heal|p2a: Celebi|130/298|[from] item: Leftovers\n|-damage|p1a: Marowak|113/238 psn|[from] psn\n|upkeep\n|turn|14\n|\n|t:|1683790864\n|move|p2a: Celebi|Psychic|p1a: Marowak\n|-damage|p1a: Marowak|14/238 psn\n|move|p1a: Marowak|Flame Charge|p2a: Celebi\n|-supereffective|p2a: Celebi\n|-damage|p2a: Celebi|0 fnt\n|-boost|p1a: Marowak|spe|1\n|faint|p2a: Celebi\n|\n|-damage|p1a: Marowak|0 fnt|[from] psn\n|faint|p1a: Marowak\n|upkeep\n|\n|t:|1683790885\n|switch|p2a: Talonflame|Talonflame, L81, F|221/259\n|switch|p1a: Orbeetle|Orbeetle, L86, M|243/243\n|-item|p2a: Talonflame|Heavy-Duty Boots|[from] ability: Frisk|[of] p1a: Orbeetle|[identify]\n|turn|15\n|\n|t:|1683790900\n|-start|p1a: Orbeetle|Dynamax|\n|-heal|p1a: Orbeetle|486/486|[silent]\n|move|p2a: Talonflame|Swords Dance|p2a: Talonflame\n|-boost|p2a: Talonflame|atk|2\n|move|p1a: Orbeetle|Max Mindstorm|p2a: Talonflame\n|-damage|p2a: Talonflame|64/259\n|-fieldstart|move: Psychic Terrain\n|\n|upkeep\n|turn|16\n|\n|t:|1683790908\n|move|p2a: Talonflame|Flare Blitz|p1a: Orbeetle\n|-supereffective|p1a: Orbeetle\n|-damage|p1a: Orbeetle|120/486\n|-damage|p2a: Talonflame|0 fnt|[from] Recoil\n|faint|p2a: Talonflame\n|move|p1a: Orbeetle|Max Mindstorm|p2: Talonflame|[notarget]\n|-fail|p1a: Orbeetle\n|\n|upkeep\n|\n|t:|1683790917\n|switch|p2a: Armaldo|Armaldo, L86, F|269/269\n|turn|17\n|\n|t:|1683790925\n|move|p1a: Orbeetle|Max Mindstorm|p2a: Armaldo\n|-damage|p2a: Armaldo|109/269\n|move|p2a: Armaldo|Knock Off|p1a: Orbeetle\n|-supereffective|p1a: Orbeetle\n|-crit|p1a: Orbeetle\n|-damage|p1a: Orbeetle|0 fnt\n|-enditem|p1a: Orbeetle|Heavy-Duty Boots|[from] move: Knock Off|[of] p2a: Armaldo\n|faint|p1a: Orbeetle\n|\n|upkeep\n|\n|t:|1683790933\n|switch|p1a: Kartana|Kartana, L74|209/209\n|turn|18\n|\n|t:|1683790958\n|move|p1a: Kartana|Leaf Blade|p2a: Armaldo\n|-damage|p2a: Armaldo|0 fnt\n|faint|p2a: Armaldo\n|-ability|p1a: Kartana|Beast Boost|boost\n|-boost|p1a: Kartana|atk|1\n|-damage|p1a: Kartana|189/209|[from] item: Life Orb\n|\n|upkeep\n|\n|t:|1683790962\n|switch|p2a: Jellicent|Jellicent, L84, M|305/305\n|-damage|p2a: Jellicent|267/305|[from] Stealth Rock\n|-damage|p2a: Jellicent|229/305|[from] Spikes\n|turn|19\n|\n|t:|1683790990\n|-start|p2a: Jellicent|Dynamax|\n|-heal|p2a: Jellicent|458/610|[silent]\n|move|p1a: Kartana|Leaf Blade|p2a: Jellicent\n|-supereffective|p2a: Jellicent\n|-damage|p2a: Jellicent|0 fnt\n|faint|p2a: Jellicent\n|-damage|p1a: Kartana|169/209|[from] item: Life Orb\n|\n|win|ProRedGamer37\n|raw|ProRedGamer37's rating: 1086 &rarr; <strong>1115</strong><br />(+29 for winning)\n|raw|lucasrama31's rating: 1114 &rarr; <strong>1087</strong><br />(-27 for losing)\n|l|\u2606lucasrama31\n", "inputlog": ">version bce759c5f189753f4322d11c9e5aa78bbe1b1bf9\n>start {\"formatid\":\"gen8randombattle\",\"seed\":[61594,64001,49021,42028],\"rated\":\"Rated battle\"}\n>player p1 {\"name\":\"ProRedGamer37\",\"avatar\":\"2\",\"rating\":1086,\"seed\":[30137,55002,22687,55131]}\n>player p2 {\"name\":\"lucasrama31\",\"avatar\":\"170\",\"rating\":1114,\"seed\":[29741,8799,29991,48687]}\n>p1 move stealthrock\n>p2 move shadowball\n>p1 move shadowball\n>p2 move shadowball\n>p1 switch 2\n>p1 move whirlwind\n>p2 switch 5\n>p1 move bravebird\n>p2 move focusblast\n>p1 move spikes\n>p2 move focusblast\n>p1 move bravebird\n>p2 move focusblast\n>p2 switch 3\n>p1 move bravebird\n>p2 move flareblitz\n>p1 switch 6\n>p1 move scald\n>p2 switch 4\n>p1 move earthquake\n>p2 move toxicspikes\n>p2 switch 2\n>p1 move earthquake\n>p2 switch 6\n>p1 move earthquake\n>p2 move psychic\n>p1 move earthquake\n>p2 move gigadrain\n>p1 switch 4\n>p1 move flamecharge\n>p2 move psychic\n>p1 move flamecharge\n>p2 move psychic\n>p1 switch 5\n>p2 switch 4\n>p1 move psychic dynamax\n>p2 move swordsdance\n>p1 move psychic dynamax\n>p2 move flareblitz\n>p2 switch 6\n>p1 move psychic dynamax\n>p2 move knockoff\n>p1 switch 3\n>p1 move leafblade\n>p2 move earthquake\n>p2 switch 5\n>p1 move leafblade\n>p2 move shadowball dynamax", "uploadtime": 1683791035, "views": 7, "p1id": "proredgamer37", "p2id": "lucasrama31", "formatid": "gen8randombattle", "rating": 1087, "private": 0, "password": ""}