{"id": "gen8randombattle-1861846891", "p1": "Hilda2021", "p2": "lui 2022", "format": "[Gen 8] Random Battle", "log": "|j|\u2606Hilda2021\n|j|\u2606lui 2022\n|t:|1683814519\n|gametype|singles\n|player|p1|Hilda2021|hilda|\n|player|p2|lui 2022|265|\n|teamsize|p1|6\n|teamsize|p2|6\n|gen|8\n|tier|[Gen 8] Random Battle\n|rule|Species Clause: Limit one of each Pok\u00e9mon\n|rule|HP Percentage Mod: HP is shown in percentages\n|rule|Sleep Clause Mod: Limit one foe put to sleep\n|\n|t:|1683814519\n|start\n|switch|p1a: Butterfree|Butterfree, L87, M|246/246\n|switch|p2a: Ludicolo|Ludicolo, L86, F|278/278\n|turn|1\n|\n|t:|1683814576\n|-start|p2a: Ludicolo|Dynamax|\n|-heal|p2a: Ludicolo|556/556|[silent]\n|move|p1a: Butterfree|Quiver Dance|p1a: Butterfree\n|-boost|p1a: Butterfree|spa|1\n|-boost|p1a: Butterfree|spd|1\n|-boost|p1a: Butterfree|spe|1\n|move|p2a: Ludicolo|Max Hailstorm|p1a: Butterfree\n|-supereffective|p1a: Butterfree\n|-damage|p1a: Butterfree|85/246\n|-weather|Hail\n|-damage|p2a: Ludicolo|529/556|[from] item: Life Orb\n|\n|-weather|Hail|[upkeep]\n|-damage|p1a: Butterfree|70/246|[from] Hail\n|-damage|p2a: Ludicolo|512/556|[from] Hail\n|upkeep\n|turn|2\n|\n|t:|1683814594\n|-start|p1a: Butterfree|Dynamax|Gmax\n|-heal|p1a: Butterfree|140/492|[silent]\n|move|p1a: Butterfree|G-Max Befuddle|p2a: Ludicolo\n|-supereffective|p2a: Ludicolo\n|-crit|p2a: Ludicolo\n|-damage|p2a: Ludicolo|8/556\n|-status|p2a: Ludicolo|par\n|move|p2a: Ludicolo|Max Hailstorm|p1a: Butterfree\n|-supereffective|p1a: Butterfree\n|-damage|p1a: Butterfree|0 fnt\n|faint|p1a: Butterfree\n|-damage|p2a: Ludicolo|0 fnt|[from] item: Life Orb\n|faint|p2a: Ludicolo\n|\n|-weather|Hail|[upkeep]\n|upkeep\n|\n|t:|1683814614\n|switch|p1a: Crustle|Crustle, L82, F|249/249\n|switch|p2a: Dracozolt|Dracozolt, L78|268/268\n|turn|3\n|\n|t:|1683814679\n|move|p2a: Dracozolt|Earthquake|p1a: Crustle\n|-crit|p1a: Crustle\n|-damage|p1a: Crustle|73/249\n|move|p1a: Crustle|Shell Smash|p1a: Crustle\n|-unboost|p1a: Crustle|def|1\n|-unboost|p1a: Crustle|spd|1\n|-boost|p1a: Crustle|atk|2\n|-boost|p1a: Crustle|spa|2\n|-boost|p1a: Crustle|spe|2\n|\n|-weather|Hail|[upkeep]\n|-damage|p1a: Crustle|58/249|[from] Hail\n|-damage|p2a: Dracozolt|252/268|[from] Hail\n|upkeep\n|turn|4\n|\n|t:|1683814698\n|move|p1a: Crustle|Earthquake|p2a: Dracozolt\n|-supereffective|p2a: Dracozolt\n|-damage|p2a: Dracozolt|0 fnt\n|faint|p2a: Dracozolt\n|\n|-weather|Hail|[upkeep]\n|-damage|p1a: Crustle|43/249|[from] Hail\n|upkeep\n|\n|t:|1683814717\n|switch|p2a: Audino|Audino, L91, F|335/335\n|turn|5\n|\n|t:|1683814727\n|move|p1a: Crustle|X-Scissor|p2a: Audino\n|-damage|p2a: Audino|187/335\n|move|p2a: Audino|Knock Off|p1a: Crustle\n|-damage|p1a: Crustle|0 fnt\n|-enditem|p1a: Crustle|Heavy-Duty Boots|[from] move: Knock Off|[of] p2a: Audino\n|faint|p1a: Crustle\n|\n|-weather|none\n|-heal|p2a: Audino|207/335|[from] item: Leftovers\n|upkeep\n|\n|t:|1683814757\n|switch|p1a: Roserade|Roserade, L84, F|238/238\n|turn|6\n|\n|t:|1683814789\n|switch|p2a: Sirfetch\u2019d|Sirfetch\u2019d, L82, M|236/236\n|move|p1a: Roserade|Sleep Powder|p2a: Sirfetch\u2019d\n|-status|p2a: Sirfetch\u2019d|slp|[from] move: Sleep Powder\n|\n|upkeep\n|turn|7\n|\n|t:|1683814798\n|move|p1a: Roserade|Sludge Bomb|p2a: Sirfetch\u2019d\n|-damage|p2a: Sirfetch\u2019d|113/236 slp\n|cant|p2a: Sirfetch\u2019d|slp\n|\n|upkeep\n|turn|8\n|\n|t:|1683814806\n|move|p1a: Roserade|Sludge Bomb|p2a: Sirfetch\u2019d\n|-damage|p2a: Sirfetch\u2019d|0 fnt\n|faint|p2a: Sirfetch\u2019d\n|\n|upkeep\n|\n|t:|1683814812\n|switch|p2a: Azumarill|Azumarill, L84, M|305/305\n|turn|9\n|\n|t:|1683814821\n|move|p1a: Roserade|Sludge Bomb|p2a: Azumarill\n|-supereffective|p2a: Azumarill\n|-damage|p2a: Azumarill|53/305\n|-status|p2a: Azumarill|psn\n|move|p2a: Azumarill|Superpower|p1a: Roserade\n|-resisted|p1a: Roserade\n|-damage|p1a: Roserade|145/238\n|-unboost|p2a: Azumarill|atk|1\n|-unboost|p2a: Azumarill|def|1\n|\n|-heal|p1a: Roserade|159/238|[from] item: Black Sludge\n|-damage|p2a: Azumarill|15/305 psn|[from] psn\n|upkeep\n|turn|10\n|\n|t:|1683814835\n|move|p1a: Roserade|Spikes|p2a: Azumarill\n|-sidestart|p2: lui 2022|Spikes\n|move|p2a: Azumarill|Superpower|p1a: Roserade\n|-resisted|p1a: Roserade\n|-damage|p1a: Roserade|91/238\n|-unboost|p2a: Azumarill|atk|1\n|-unboost|p2a: Azumarill|def|1\n|\n|-heal|p1a: Roserade|105/238|[from] item: Black Sludge\n|-damage|p2a: Azumarill|0 fnt|[from] psn\n|faint|p2a: Azumarill\n|upkeep\n|\n|t:|1683814855\n|switch|p2a: Buzzwole|Buzzwole, L77|291/291\n|-damage|p2a: Buzzwole|255/291|[from] Spikes\n|turn|11\n|\n|t:|1683814863\n|move|p1a: Roserade|Sleep Powder|p2a: Buzzwole\n|-status|p2a: Buzzwole|slp|[from] move: Sleep Powder\n|cant|p2a: Buzzwole|slp\n|\n|-heal|p1a: Roserade|119/238|[from] item: Black Sludge\n|upkeep\n|turn|12\n|\n|t:|1683814884\n|switch|p2a: Audino|Audino, L91, F|318/335\n|-damage|p2a: Audino|277/335|[from] Spikes\n|move|p1a: Roserade|Sludge Bomb|p2a: Audino\n|-damage|p2a: Audino|160/335\n|-status|p2a: Audino|psn\n|\n|-heal|p1a: Roserade|133/238|[from] item: Black Sludge\n|-heal|p2a: Audino|180/335 psn|[from] item: Leftovers\n|-damage|p2a: Audino|139/335 psn|[from] psn\n|upkeep\n|turn|13\n|\n|t:|1683814905\n|move|p2a: Audino|Protect|p2a: Audino\n|-singleturn|p2a: Audino|Protect\n|move|p1a: Roserade|Spikes|p2a: Audino\n|-sidestart|p2: lui 2022|Spikes\n|\n|-heal|p1a: Roserade|147/238|[from] item: Black Sludge\n|-heal|p2a: Audino|159/335 psn|[from] item: Leftovers\n|-damage|p2a: Audino|118/335 psn|[from] psn\n|upkeep\n|turn|14\n|\n|t:|1683814916\n|move|p1a: Roserade|Spikes|p2a: Audino\n|-sidestart|p2: lui 2022|Spikes\n|move|p2a: Audino|Knock Off|p1a: Roserade\n|-damage|p1a: Roserade|77/238\n|-enditem|p1a: Roserade|Black Sludge|[from] move: Knock Off|[of] p2a: Audino\n|\n|-heal|p2a: Audino|138/335 psn|[from] item: Leftovers\n|-damage|p2a: Audino|97/335 psn|[from] psn\n|upkeep\n|turn|15\n|\n|t:|1683814938\n|move|p1a: Roserade|Sludge Bomb|p2a: Audino\n|-damage|p2a: Audino|0 fnt\n|faint|p2a: Audino\n|\n|upkeep\n|\n|t:|1683814943\n|switch|p2a: Buzzwole|Buzzwole, L77|255/291 slp\n|-damage|p2a: Buzzwole|183/291 slp|[from] Spikes\n|turn|16\n|\n|t:|1683814949\n|move|p1a: Roserade|Sludge Bomb|p2a: Buzzwole\n|-damage|p2a: Buzzwole|11/291 slp\n|cant|p2a: Buzzwole|slp\n|\n|upkeep\n|turn|17\n|\n|t:|1683814961\n|move|p1a: Roserade|Sludge Bomb|p2a: Buzzwole\n|-damage|p2a: Buzzwole|0 fnt\n|faint|p2a: Buzzwole\n|\n|win|Hilda2021\n", "inputlog": ">version bce759c5f189753f4322d11c9e5aa78bbe1b1bf9\n>start {\"formatid\":\"gen8randombattle\",\"seed\":[25687,52560,33902,38434]}\n>player p1 {\"name\":\"Hilda2021\",\"avatar\":\"hilda\",\"rating\":0,\"seed\":[7417,13218,33592,11336]}\n>player p2 {\"name\":\"lui 2022\",\"avatar\":\"265\",\"rating\":0,\"seed\":[61001,44883,65147,12430]}\n>p1 move quiverdance\n>p2 move icebeam dynamax\n>p1 move bugbuzz dynamax\n>p2 move icebeam dynamax\n>p1 switch 4\n>p2 switch 2\n>p1 move shellsmash\n>p2 move earthquake\n>p1 move earthquake\n>p2 move earthquake\n>p2 switch 5\n>p1 move xscissor\n>p2 move knockoff\n>p1 switch 3\n>p1 move sleeppowder\n>p2 switch 6\n>p1 move sludgebomb\n>p2 move swordsdance\n>p1 move sludgebomb\n>p2 move bravebird\n>p2 switch 3\n>p1 move sludgebomb\n>p2 move superpower\n>p1 move spikes\n>p2 move superpower\n>p2 switch 4\n>p1 move sleeppowder\n>p2 move leechlife\n>p1 move sludgebomb\n>p2 switch 6\n>p1 move spikes\n>p2 move protect\n>p1 move spikes\n>p2 move knockoff\n>p1 move sludgebomb\n>p2 move knockoff\n>p2 switch 6\n>p1 move sludgebomb\n>p2 move closecombat\n>p1 move sludgebomb\n>p2 move closecombat", "uploadtime": 1683814969, "views": 4, "p1id": "hilda2021", "p2id": "lui2022", "formatid": "gen8randombattle", "rating": 0, "private": 0, "password": ""}