{"id": "gen8randombattle-1603384812", "p1": "pokeblade\u2606101", "p2": "Popshots", "format": "[Gen 8] Random Battle", "log": "|j|\u2606pokeblade\u2606101\n|j|\u2606Popshots\n|t:|1656092361\n|gametype|singles\n|player|p1|pokeblade\u2606101|#helpstaff|2421\n|player|p2|Popshots|101|2448\n|teamsize|p1|6\n|teamsize|p2|6\n|gen|8\n|tier|[Gen 8] Random Battle\n|rated|\n|rule|Species Clause: Limit one of each Pok\u00e9mon\n|rule|HP Percentage Mod: HP is shown in percentages\n|rule|Sleep Clause Mod: Limit one foe put to sleep\n|\n|t:|1656092361\n|start\n|switch|p1a: Roserade|Roserade, L84, M|238/238\n|switch|p2a: Dhelmise|Dhelmise, L86|261/261\n|turn|1\n|inactive|Battle timer is ON: inactive players will automatically lose when time's up. (requested by Popshots)\n|\n|t:|1656092381\n|switch|p1a: Heliolisk|Heliolisk, L82, F|236/236\n|move|p2a: Dhelmise|Anchor Shot|p1a: Heliolisk\n|-resisted|p1a: Heliolisk\n|-damage|p1a: Heliolisk|146/236\n|-activate|p1a: Heliolisk|trapped\n|\n|upkeep\n|turn|2\n|\n|t:|1656092386\n|move|p1a: Heliolisk|Volt Switch|p2a: Dhelmise\n|-resisted|p2a: Dhelmise\n|-damage|p2a: Dhelmise|227/261\n|-damage|p1a: Heliolisk|123/236|[from] item: Life Orb\n|\n|t:|1656092394\n|switch|p1a: Azumarill|Azumarill, L84, M|305/305\n|move|p2a: Dhelmise|Power Whip|p1a: Azumarill\n|-supereffective|p1a: Azumarill\n|-damage|p1a: Azumarill|0 fnt\n|faint|p1a: Azumarill\n|\n|upkeep\n|\n|t:|1656092398\n|switch|p1a: Vanilluxe|Vanilluxe, L82, M|251/251\n|-weather|Hail|[from] ability: Snow Warning|[of] p1a: Vanilluxe\n|turn|3\n|\n|t:|1656092406\n|switch|p2a: Reshiram|Reshiram, L74|270/270\n|-ability|p2a: Reshiram|Turboblaze\n|move|p1a: Vanilluxe|Blizzard|p2a: Reshiram\n|-damage|p2a: Reshiram|159/270\n|-status|p2a: Reshiram|frz\n|\n|-weather|Hail|[upkeep]\n|-damage|p2a: Reshiram|143/270 frz|[from] Hail\n|upkeep\n|turn|4\n|\n|t:|1656092413\n|move|p1a: Vanilluxe|Aurora Veil|p1a: Vanilluxe\n|-sidestart|p1: pokeblade\u2606101|move: Aurora Veil\n|cant|p2a: Reshiram|frz\n|\n|-weather|Hail|[upkeep]\n|-damage|p2a: Reshiram|127/270 frz|[from] Hail\n|upkeep\n|turn|5\n|\n|t:|1656092419\n|switch|p2a: Volcarona|Volcarona, L76, F|254/254\n|move|p1a: Vanilluxe|Blizzard|p2a: Volcarona\n|-resisted|p2a: Volcarona\n|-damage|p2a: Volcarona|191/254\n|-status|p2a: Volcarona|frz\n|\n|-weather|Hail|[upkeep]\n|-damage|p2a: Volcarona|176/254 frz|[from] Hail\n|upkeep\n|turn|6\n|\n|t:|1656092438\n|switch|p2a: Ribombee|Ribombee, L82, F|233/233\n|switch|p1a: Regidrago|Regidrago, L78|440/440\n|\n|-weather|Hail|[upkeep]\n|-damage|p2a: Ribombee|219/233|[from] Hail\n|-damage|p1a: Regidrago|413/440|[from] Hail\n|upkeep\n|turn|7\n|\n|t:|1656092444\n|switch|p1a: Roserade|Roserade, L84, M|238/238\n|move|p2a: Ribombee|Moonblast|p1a: Roserade\n|-resisted|p1a: Roserade\n|-damage|p1a: Roserade|217/238\n|\n|-weather|none\n|upkeep\n|turn|8\n|\n|t:|1656092449\n|move|p2a: Ribombee|Sticky Web|p1a: Roserade\n|-sidestart|p1: pokeblade\u2606101|move: Sticky Web\n|move|p1a: Roserade|Toxic Spikes|p2a: Ribombee\n|-sidestart|p2: Popshots|move: Toxic Spikes\n|\n|upkeep\n|turn|9\n|\n|t:|1656092453\n|move|p2a: Ribombee|U-turn|p1a: Roserade\n|-damage|p1a: Roserade|187/238\n|\n|t:|1656092460\n|switch|p2a: Dhelmise|Dhelmise, L86|227/261\n|-status|p2a: Dhelmise|psn\n|move|p1a: Roserade|Sludge Bomb|p2a: Dhelmise\n|-damage|p2a: Dhelmise|151/261 psn\n|\n|-damage|p2a: Dhelmise|119/261 psn|[from] psn\n|upkeep\n|turn|10\n|\n|t:|1656092479\n|switch|p1a: Heliolisk|Heliolisk, L82, F|123/236\n|-activate|p1a: Heliolisk|move: Sticky Web\n|-unboost|p1a: Heliolisk|spe|1\n|move|p2a: Dhelmise|Rapid Spin|p1a: Heliolisk\n|-damage|p1a: Heliolisk|89/236\n|-boost|p2a: Dhelmise|spe|1\n|-sideend|p2: Popshots|Toxic Spikes|[from] move: Rapid Spin|[of] p2a: Dhelmise\n|\n|-damage|p2a: Dhelmise|87/261 psn|[from] psn\n|upkeep\n|turn|11\n|\n|t:|1656092489\n|move|p2a: Dhelmise|Power Whip|p1a: Heliolisk\n|-damage|p1a: Heliolisk|0 fnt\n|faint|p1a: Heliolisk\n|\n|-damage|p2a: Dhelmise|55/261 psn|[from] psn\n|-sideend|p1: pokeblade\u2606101|move: Aurora Veil\n|upkeep\n|\n|t:|1656092492\n|switch|p1a: Accelgor|Accelgor, L86, F|278/278\n|turn|12\n|\n|t:|1656092498\n|move|p1a: Accelgor|Bug Buzz|p2a: Dhelmise\n|-damage|p2a: Dhelmise|0 fnt\n|faint|p2a: Dhelmise\n|\n|upkeep\n|\n|t:|1656092506\n|switch|p2a: Volcarona|Volcarona, L76, F|176/254 frz\n|turn|13\n|\n|t:|1656092510\n|move|p1a: Accelgor|Sludge Bomb|p2a: Volcarona\n|-damage|p2a: Volcarona|113/254 frz\n|cant|p2a: Volcarona|frz\n|\n|upkeep\n|turn|14\n|\n|t:|1656092512\n|move|p1a: Accelgor|Sludge Bomb|p2a: Volcarona\n|-damage|p2a: Volcarona|43/254 frz\n|-curestatus|p2a: Volcarona|frz|[msg]\n|move|p2a: Volcarona|Quiver Dance|p2a: Volcarona\n|-boost|p2a: Volcarona|spa|1\n|-boost|p2a: Volcarona|spd|1\n|-boost|p2a: Volcarona|spe|1\n|\n|upkeep\n|turn|15\n|inactive|pokeblade\u2606101 has 120 seconds left.\n|\n|t:|1656092548\n|-start|p2a: Volcarona|Dynamax|\n|-heal|p2a: Volcarona|86/508|[silent]\n|move|p1a: Accelgor|Sludge Bomb|p2a: Volcarona\n|-damage|p2a: Volcarona|40/508\n|-status|p2a: Volcarona|psn\n|move|p2a: Volcarona|Max Flare|p1a: Accelgor\n|-supereffective|p1a: Accelgor\n|-damage|p1a: Accelgor|0 fnt\n|-weather|SunnyDay\n|faint|p1a: Accelgor\n|\n|-weather|SunnyDay|[upkeep]\n|-damage|p2a: Volcarona|9/508 psn|[from] psn\n|upkeep\n|inactive|pokeblade\u2606101 has 120 seconds left.\n|\n|t:|1656092554\n|switch|p1a: Regidrago|Regidrago, L78|413/440\n|-activate|p1a: Regidrago|move: Sticky Web\n|-unboost|p1a: Regidrago|spe|1\n|turn|16\n|inactive|pokeblade\u2606101 has 120 seconds left.\n|\n|t:|1656092564\n|-start|p1a: Regidrago|Dynamax|\n|-heal|p1a: Regidrago|826/880|[silent]\n|move|p2a: Volcarona|Max Flare|p1a: Regidrago\n|-resisted|p1a: Regidrago\n|-damage|p1a: Regidrago|625/880\n|move|p1a: Regidrago|Max Knuckle|p2a: Volcarona\n|-resisted|p2a: Volcarona\n|-damage|p2a: Volcarona|0 fnt\n|-boost|p1a: Regidrago|atk|1\n|faint|p2a: Volcarona\n|\n|-weather|SunnyDay|[upkeep]\n|upkeep\n|\n|t:|1656092575\n|switch|p2a: Ribombee|Ribombee, L82, F|219/233\n|turn|17\n|\n|t:|1656092578\n|move|p2a: Ribombee|U-turn|p1a: Regidrago\n|-damage|p1a: Regidrago|547/880\n|\n|t:|1656092579\n|switch|p2a: Reshiram|Reshiram, L74|127/270 frz\n|-ability|p2a: Reshiram|Turboblaze\n|move|p1a: Regidrago|Max Flare|p2a: Reshiram\n|-resisted|p2a: Reshiram\n|-damage|p2a: Reshiram|80/270 frz\n|-curestatus|p2a: Reshiram|frz|[msg]\n|\n|-weather|SunnyDay|[upkeep]\n|upkeep\n|turn|18\n|\n|t:|1656092585\n|move|p2a: Reshiram|Draco Meteor|p1a: Regidrago\n|-supereffective|p1a: Regidrago\n|-damage|p1a: Regidrago|209/880\n|-unboost|p2a: Reshiram|spa|2\n|move|p1a: Regidrago|Max Wyrmwind|p2a: Reshiram\n|-supereffective|p2a: Reshiram\n|-damage|p2a: Reshiram|0 fnt\n|faint|p2a: Reshiram\n|\n|-weather|SunnyDay|[upkeep]\n|upkeep\n|\n|t:|1656092593\n|switch|p2a: Ribombee|Ribombee, L82, F|219/233\n|-end|p1a: Regidrago|Dynamax\n|-heal|p1a: Regidrago|105/440|[silent]\n|turn|19\n|inactive|Popshots has 120 seconds left.\n|\n|t:|1656092639\n|switch|p1a: Roserade|Roserade, L84, M|187/238\n|-activate|p1a: Roserade|move: Sticky Web\n|-unboost|p1a: Roserade|spe|1\n|move|p2a: Ribombee|Moonblast|p1a: Roserade\n|-resisted|p1a: Roserade\n|-damage|p1a: Roserade|146/238\n|\n|-weather|none\n|upkeep\n|turn|20\n|inactive|Popshots has 90 seconds left.\n|\n|t:|1656092666\n|move|p2a: Ribombee|Psychic|p1a: Roserade\n|-supereffective|p1a: Roserade\n|-damage|p1a: Roserade|36/238\n|move|p1a: Roserade|Sludge Bomb|p2a: Ribombee\n|-supereffective|p2a: Ribombee\n|-damage|p2a: Ribombee|0 fnt\n|faint|p2a: Ribombee\n|\n|upkeep\n|inactive|Popshots has 90 seconds left.\n|\n|t:|1656092699\n|switch|p2a: Pangoro|Pangoro, L84, M|297/297\n|turn|21\n|-message|pokeblade\u2606101 forfeited.\n|\n|win|Popshots\n|raw|pokeblade\u2606101's rating: 2421 &rarr; <strong>2403</strong><br />(-18 for losing)\n|raw|Popshots's rating: 2448 &rarr; <strong>2466</strong><br />(+18 for winning)\n|l|\u2606pokeblade\u2606101\n|c|\u2606Popshots|/log Popshots made this room public.\n", "inputlog": ">version 670c2f5a4ee85e366483c1d6b048cac7bb7a651c\n>start {\"formatid\":\"gen8randombattle\",\"seed\":[46827,33304,60595,15052],\"rated\":\"Rated battle\"}\n>player p1 {\"name\":\"pokeblade\u2606101\",\"avatar\":\"#helpstaff\",\"rating\":2421,\"seed\":[37701,43711,55707,28518]}\n>player p2 {\"name\":\"Popshots\",\"avatar\":\"101\",\"rating\":2448,\"seed\":[64938,35329,37804,62354]}\n>p1 switch 5\n>p2 move anchorshot\n>p1 move voltswitch\n>p2 move powerwhip\n>p1 switch 2\n>p1 switch 3\n>p1 move blizzard\n>p2 switch 4\n>p1 move auroraveil\n>p2 move blueflare\n>p1 move blizzard\n>p2 switch 3\n>p1 switch 4\n>p2 switch 5\n>p1 switch 5\n>p2 move moonblast\n>p1 move toxicspikes\n>p2 move stickyweb\n>p1 move sludgebomb\n>p2 move uturn\n>p2 switch 4\n>p1 switch 2\n>p2 move rapidspin\n>p1 move voltswitch\n>p2 move powerwhip\n>p1 switch 6\n>p1 move bugbuzz\n>p2 move anchorshot\n>p2 switch 5\n>p1 move sludgebomb\n>p2 move quiverdance\n>p1 move sludgebomb\n>p2 move quiverdance\n>p1 move sludgebomb\n>p2 move fireblast dynamax\n>p1 switch 5\n>p1 move hammerarm dynamax\n>p2 move fireblast dynamax\n>p2 switch 4\n>p1 move firefang dynamax\n>p2 move uturn\n>p2 switch 3\n>p1 move outrage dynamax\n>p2 move dracometeor\n>p2 switch 3\n>p1 switch 2\n>p2 move moonblast\n>p1 move sludgebomb\n>p2 move psychic\n>p2 switch 6\n>forcelose p1", "uploadtime": 1656092717, "views": 56, "p1id": "pokeblade101", "p2id": "popshots", "formatid": "gen8randombattle", "rating": 2403, "private": 0, "password": null}