{"id": "gen8randombattle-1871876937", "p1": "mopthemen", "p2": "flyingworkshop", "format": "[Gen 8] Random Battle", "log": "|j|\u2606mopthemen\n|j|\u2606flyingworkshop\n|t:|1685141089\n|gametype|singles\n|player|p1|mopthemen|steven|1118\n|player|p2|flyingworkshop|169|1000\n|teamsize|p1|6\n|teamsize|p2|6\n|gen|8\n|tier|[Gen 8] Random Battle\n|rated|\n|rule|Species Clause: Limit one of each Pok\u00e9mon\n|rule|HP Percentage Mod: HP is shown in percentages\n|rule|Sleep Clause Mod: Limit one foe put to sleep\n|\n|t:|1685141089\n|start\n|switch|p1a: Kyurem|Kyurem-White, L74|307/307\n|switch|p2a: Suicune|Suicune, L80|291/291\n|-ability|p1a: Kyurem|Turboblaze\n|-ability|p2a: Suicune|Pressure\n|turn|1\n|inactive|Battle timer is ON: inactive players will automatically lose when time's up. (requested by mopthemen)\n|inactive|flyingworkshop has 120 seconds left.\n|inactive|flyingworkshop has 90 seconds left.\n|\n|t:|1685141160\n|switch|p2a: Azumarill|Azumarill, L84, F|305/305\n|move|p1a: Kyurem|Freeze-Dry|p2a: Azumarill\n|-supereffective|p2a: Azumarill\n|-damage|p2a: Azumarill|101/305\n|\n|upkeep\n|turn|2\n|\n|t:|1685141170\n|switch|p2a: Weavile|Weavile, L79, F|240/240\n|move|p1a: Kyurem|Freeze-Dry|p2a: Weavile\n|-resisted|p2a: Weavile\n|-crit|p2a: Weavile\n|-damage|p2a: Weavile|164/240\n|\n|upkeep\n|turn|3\n|\n|t:|1685141180\n|move|p2a: Weavile|Knock Off|p1a: Kyurem\n|-damage|p1a: Kyurem|196/307\n|-enditem|p1a: Kyurem|Heavy-Duty Boots|[from] move: Knock Off|[of] p2a: Weavile\n|move|p1a: Kyurem|Draco Meteor|p2a: Weavile\n|-damage|p2a: Weavile|0 fnt\n|-unboost|p1a: Kyurem|spa|2\n|faint|p2a: Weavile\n|\n|upkeep\n|\n|t:|1685141199\n|switch|p2a: Eternatus|Eternatus, L69|308/308\n|-ability|p2a: Eternatus|Pressure\n|turn|4\n|\n|t:|1685141217\n|move|p2a: Eternatus|Dynamax Cannon|p1a: Kyurem\n|-supereffective|p1a: Kyurem\n|-damage|p1a: Kyurem|0 fnt\n|faint|p1a: Kyurem\n|\n|upkeep\n|\n|t:|1685141231\n|switch|p1a: Frosmoth|Frosmoth, L82, F|249/249\n|turn|5\n|\n|t:|1685141240\n|move|p2a: Eternatus|Flamethrower|p1a: Frosmoth\n|-supereffective|p1a: Frosmoth\n|-damage|p1a: Frosmoth|119/249\n|-status|p1a: Frosmoth|brn\n|move|p1a: Frosmoth|Quiver Dance|p1a: Frosmoth\n|-boost|p1a: Frosmoth|spa|1\n|-boost|p1a: Frosmoth|spd|1\n|-boost|p1a: Frosmoth|spe|1\n|\n|-damage|p1a: Frosmoth|104/249 brn|[from] brn\n|upkeep\n|turn|6\n|\n|t:|1685141253\n|move|p1a: Frosmoth|Ice Beam|p2a: Eternatus\n|-supereffective|p2a: Eternatus\n|-damage|p2a: Eternatus|0 fnt\n|faint|p2a: Eternatus\n|\n|-damage|p1a: Frosmoth|89/249 brn|[from] brn\n|upkeep\n|\n|t:|1685141257\n|switch|p2a: Azumarill|Azumarill, L84, F|101/305\n|turn|7\n|\n|t:|1685141268\n|move|p2a: Azumarill|Aqua Jet|p1a: Frosmoth\n|-damage|p1a: Frosmoth|0 fnt\n|faint|p1a: Frosmoth\n|\n|upkeep\n|\n|t:|1685141278\n|switch|p1a: Vileplume|Vileplume, L84, F|263/263\n|turn|8\n|\n|t:|1685141304\n|switch|p2a: Suicune|Suicune, L80|291/291\n|-ability|p2a: Suicune|Pressure\n|move|p1a: Vileplume|Sleep Powder|p2a: Suicune|[miss]\n|-miss|p1a: Vileplume|p2a: Suicune\n|\n|upkeep\n|turn|9\n|\n|t:|1685141317\n|move|p2a: Suicune|Calm Mind|p2a: Suicune\n|-boost|p2a: Suicune|spa|1\n|-boost|p2a: Suicune|spd|1\n|move|p1a: Vileplume|Strength Sap|p2a: Suicune\n|-unboost|p2a: Suicune|atk|1\n|\n|upkeep\n|turn|10\n|\n|t:|1685141323\n|move|p2a: Suicune|Calm Mind|p2a: Suicune\n|-boost|p2a: Suicune|spa|1\n|-boost|p2a: Suicune|spd|1\n|move|p1a: Vileplume|Sludge Bomb|p2a: Suicune\n|-damage|p2a: Suicune|243/291\n|-status|p2a: Suicune|psn\n|\n|-heal|p2a: Suicune|261/291 psn|[from] item: Leftovers\n|-damage|p2a: Suicune|225/291 psn|[from] psn\n|upkeep\n|turn|11\n|\n|t:|1685141348\n|move|p2a: Suicune|Calm Mind|p2a: Suicune\n|-boost|p2a: Suicune|spa|1\n|-boost|p2a: Suicune|spd|1\n|move|p1a: Vileplume|Strength Sap|p2a: Suicune\n|-unboost|p2a: Suicune|atk|1\n|\n|-heal|p2a: Suicune|243/291 psn|[from] item: Leftovers\n|-damage|p2a: Suicune|207/291 psn|[from] psn\n|upkeep\n|turn|12\n|\n|t:|1685141368\n|move|p2a: Suicune|Calm Mind|p2a: Suicune\n|-boost|p2a: Suicune|spa|1\n|-boost|p2a: Suicune|spd|1\n|move|p1a: Vileplume|Sludge Bomb|p2a: Suicune\n|-damage|p2a: Suicune|176/291 psn\n|\n|-heal|p2a: Suicune|194/291 psn|[from] item: Leftovers\n|-damage|p2a: Suicune|158/291 psn|[from] psn\n|upkeep\n|turn|13\n|inactive|mopthemen has 120 seconds left.\n|\n|t:|1685141385\n|move|p2a: Suicune|Calm Mind|p2a: Suicune\n|-boost|p2a: Suicune|spa|1\n|-boost|p2a: Suicune|spd|1\n|move|p1a: Vileplume|Sludge Bomb|p2a: Suicune\n|-damage|p2a: Suicune|130/291 psn\n|\n|-heal|p2a: Suicune|148/291 psn|[from] item: Leftovers\n|-damage|p2a: Suicune|112/291 psn|[from] psn\n|upkeep\n|turn|14\n|inactive|mopthemen has 120 seconds left.\n|inactive|flyingworkshop has 120 seconds left.\n|\n|t:|1685141422\n|move|p2a: Suicune|Rest|p2a: Suicune\n|-status|p2a: Suicune|slp|[from] move: Rest\n|-heal|p2a: Suicune|291/291 slp|[silent]\n|move|p1a: Vileplume|Sludge Bomb|p2a: Suicune\n|-damage|p2a: Suicune|264/291 slp\n|\n|-heal|p2a: Suicune|282/291 slp|[from] item: Leftovers\n|upkeep\n|turn|15\n|inactive|flyingworkshop has 120 seconds left.\n|inactive|mopthemen has 120 seconds left.\n|\n|t:|1685141449\n|switch|p1a: Braviary|Braviary, L82, M|298/298\n|cant|p2a: Suicune|slp\n|move|p2a: Suicune|Sleep Talk|p2a: Suicune\n|move|p2a: Suicune|Calm Mind|p2a: Suicune|[from]move: Sleep Talk\n|-boost|p2a: Suicune|spa|1\n|-boost|p2a: Suicune|spd|1\n|\n|-heal|p2a: Suicune|291/291 slp|[from] item: Leftovers\n|upkeep\n|turn|16\n|\n|t:|1685141464\n|cant|p2a: Suicune|slp\n|move|p2a: Suicune|Sleep Talk|p2a: Suicune\n|move|p2a: Suicune|Calm Mind|p2a: Suicune|[from]move: Sleep Talk\n|-boost|p2a: Suicune|spa|0\n|-boost|p2a: Suicune|spd|0\n|move|p1a: Braviary|Brave Bird|p2a: Suicune\n|-damage|p2a: Suicune|164/291 slp\n|-damage|p1a: Braviary|256/298|[from] Recoil\n|\n|-heal|p2a: Suicune|182/291 slp|[from] item: Leftovers\n|upkeep\n|turn|17\n|\n|t:|1685141479\n|-curestatus|p2a: Suicune|slp|[msg]\n|move|p2a: Suicune|Scald|p1a: Braviary\n|-damage|p1a: Braviary|0 fnt\n|faint|p1a: Braviary\n|\n|-heal|p2a: Suicune|200/291|[from] item: Leftovers\n|upkeep\n|\n|t:|1685141490\n|switch|p1a: Umbreon|Umbreon, L82, M|290/290\n|turn|18\n|\n|t:|1685141500\n|move|p2a: Suicune|Scald|p1a: Umbreon\n|-crit|p1a: Umbreon\n|-damage|p1a: Umbreon|0 fnt\n|faint|p1a: Umbreon\n|\n|-heal|p2a: Suicune|218/291|[from] item: Leftovers\n|upkeep\n|\n|t:|1685141508\n|switch|p1a: Vileplume|Vileplume, L84, F|263/263\n|turn|19\n|\n|t:|1685141525\n|-start|p2a: Suicune|Dynamax|\n|-heal|p2a: Suicune|436/582|[silent]\n|move|p2a: Suicune|Max Geyser|p1a: Vileplume\n|-resisted|p1a: Vileplume\n|-damage|p1a: Vileplume|38/263\n|-weather|RainDance\n|move|p1a: Vileplume|Sleep Powder|p2a: Suicune\n|-status|p2a: Suicune|slp|[from] move: Sleep Powder\n|\n|-weather|RainDance|[upkeep]\n|-heal|p2a: Suicune|454/582 slp|[from] item: Leftovers\n|-heal|p1a: Vileplume|54/263|[from] item: Black Sludge\n|upkeep\n|turn|20\n|inactive|mopthemen has 90 seconds left.\n|\n|t:|1685141546\n|cant|p2a: Suicune|slp\n|move|p1a: Vileplume|Strength Sap|p2a: Suicune\n|-unboost|p2a: Suicune|atk|1\n|-heal|p1a: Vileplume|116/263\n|\n|-weather|RainDance|[upkeep]\n|-heal|p2a: Suicune|472/582 slp|[from] item: Leftovers\n|-heal|p1a: Vileplume|132/263|[from] item: Black Sludge\n|upkeep\n|turn|21\n|inactive|mopthemen has 90 seconds left.\n|\n|t:|1685141559\n|cant|p2a: Suicune|slp\n|move|p1a: Vileplume|Strength Sap|p2a: Suicune\n|-unboost|p2a: Suicune|atk|1\n|-heal|p1a: Vileplume|182/263\n|\n|-weather|RainDance|[upkeep]\n|-heal|p2a: Suicune|490/582 slp|[from] item: Leftovers\n|-heal|p1a: Vileplume|198/263|[from] item: Black Sludge\n|upkeep\n|-end|p2a: Suicune|Dynamax\n|-heal|p2a: Suicune|245/291 slp|[silent]\n|turn|22\n|inactive|mopthemen has 90 seconds left.\n|\n|t:|1685141574\n|cant|p2a: Suicune|slp\n|move|p1a: Vileplume|Strength Sap|p2a: Suicune\n|-unboost|p2a: Suicune|atk|1\n|-heal|p1a: Vileplume|239/263\n|\n|-weather|RainDance|[upkeep]\n|-heal|p2a: Suicune|263/291 slp|[from] item: Leftovers\n|-heal|p1a: Vileplume|255/263|[from] item: Black Sludge\n|upkeep\n|turn|23\n|inactive|mopthemen has 90 seconds left.\n|\n|t:|1685141599\n|-curestatus|p2a: Suicune|slp|[msg]\n|move|p2a: Suicune|Scald|p1a: Vileplume\n|-resisted|p1a: Vileplume\n|-damage|p1a: Vileplume|30/263\n|move|p1a: Vileplume|Sludge Bomb|p2a: Suicune\n|-damage|p2a: Suicune|239/291\n|\n|-weather|none\n|-heal|p2a: Suicune|257/291|[from] item: Leftovers\n|-heal|p1a: Vileplume|46/263|[from] item: Black Sludge\n|upkeep\n|turn|24\n|\n|t:|1685141613\n|move|p2a: Suicune|Scald|p1a: Vileplume\n|-resisted|p1a: Vileplume\n|-damage|p1a: Vileplume|0 fnt\n|faint|p1a: Vileplume\n|\n|-heal|p2a: Suicune|275/291|[from] item: Leftovers\n|upkeep\n|\n|t:|1685141623\n|switch|p1a: Mew|Mew, L80|291/291\n|turn|25\n|\n|t:|1685141637\n|move|p1a: Mew|Swords Dance|p1a: Mew\n|-boost|p1a: Mew|atk|2\n|move|p2a: Suicune|Scald|p1a: Mew\n|-damage|p1a: Mew|0 fnt\n|faint|p1a: Mew\n|\n|win|flyingworkshop\n|raw|mopthemen's rating: 1118 &rarr; <strong>1085</strong><br />(-33 for losing)\n|raw|flyingworkshop's rating: 1000 &rarr; <strong>1053</strong><br />(+53 for winning)\n|l|\u2606mopthemen\n", "inputlog": ">version 61c68e60481ef09071210320730fc448fef50368\n>start {\"formatid\":\"gen8randombattle\",\"seed\":[37512,16560,31587,64305],\"rated\":\"Rated battle\"}\n>player p1 {\"name\":\"mopthemen\",\"avatar\":\"steven\",\"rating\":1118,\"seed\":[47276,57647,23019,63758]}\n>player p2 {\"name\":\"flyingworkshop\",\"avatar\":\"169\",\"rating\":1000,\"seed\":[8351,28601,48041,46639]}\n>p1 move freezedry\n>p2 switch 4\n>p1 move freezedry\n>p2 switch 5\n>p1 move dracometeor\n>p2 move knockoff\n>p2 switch 6\n>p1 move freezedry\n>p2 move dynamaxcannon\n>p1 switch 4\n>p1 move quiverdance\n>p2 move flamethrower\n>p1 move icebeam\n>p2 move flamethrower\n>p2 switch 5\n>p1 move gigadrain\n>p2 move aquajet\n>p1 switch 6\n>p1 move sleeppowder\n>p2 switch 4\n>p1 move strengthsap\n>p2 move calmmind\n>p1 move sludgebomb\n>p2 move calmmind\n>p1 move strengthsap\n>p2 move calmmind\n>p1 move sludgebomb\n>p2 move calmmind\n>p1 move sludgebomb\n>p2 move calmmind\n>p1 move sludgebomb\n>p2 move rest\n>p1 switch 3\n>p2 move sleeptalk\n>p1 move bravebird\n>p2 move sleeptalk\n>p1 move bulkup\n>p2 move scald\n>p1 switch 2\n>p1 move toxic\n>p2 move scald\n>p1 switch 3\n>p1 move sleeppowder\n>p2 move scald dynamax\n>p1 move strengthsap\n>p2 move sleeptalk dynamax\n>p1 move strengthsap\n>p2 move scald dynamax\n>p1 move strengthsap\n>p2 move scald\n>p1 move sludgebomb\n>p2 move scald\n>p1 move sleeppowder\n>p2 move scald\n>p1 switch 5\n>p1 move swordsdance\n>p2 move scald", "uploadtime": 1685141646, "views": 3, "p1id": "mopthemen", "p2id": "flyingworkshop", "formatid": "gen8randombattle", "rating": 1053, "private": 0, "password": ""}