|j|☆JoeBlowMe
|j|☆Sarahhhhv13
|t:|1685149081
|gametype|singles
|player|p1|JoeBlowMe|norman|
|player|p2|Sarahhhhv13|swimmerf-gen4|
|teamsize|p1|6
|teamsize|p2|6
|gen|8
|tier|[Gen 8] Random Battle
|rule|Species Clause: Limit one of each Pokémon
|rule|HP Percentage Mod: HP is shown in percentages
|rule|Sleep Clause Mod: Limit one foe put to sleep
|
|t:|1685149081
|start
|switch|p1a: Stoutland|Stoutland, L86, F|286/286
|switch|p2a: Kingler|Kingler, L84, M|230/230
|-ability|p1a: Stoutland|Intimidate|boost
|-unboost|p2a: Kingler|atk|1
|turn|1
|
|t:|1685149093
|move|p1a: Stoutland|Superpower|p2a: Kingler
|-damage|p2a: Kingler|149/230
|-unboost|p1a: Stoutland|atk|1
|-unboost|p1a: Stoutland|def|1
|move|p2a: Kingler|Swords Dance|p2a: Kingler
|-boost|p2a: Kingler|atk|2
|
|upkeep
|turn|2
|
|t:|1685149114
|switch|p1a: Galvantula|Galvantula, L82, M|249/249
|move|p2a: Kingler|Liquidation|p1a: Galvantula
|-damage|p1a: Galvantula|0 fnt
|faint|p1a: Galvantula
|
|upkeep
|
|t:|1685149133
|switch|p1a: Glaceon|Glaceon, L88, M|258/258
|turn|3
|
|t:|1685149139
|switch|p2a: Blaziken|Blaziken, L76, M|247/247
|move|p1a: Glaceon|Toxic|p2a: Blaziken
|-status|p2a: Blaziken|tox
|
|-damage|p2a: Blaziken|232/247 tox|[from] psn
|upkeep
|turn|4
|
|t:|1685149152
|switch|p1a: Sawk|Sawk, L86, M|269/269
|-ability|p1a: Sawk|Mold Breaker
|move|p2a: Blaziken|Flare Blitz|p1a: Sawk
|-damage|p1a: Sawk|94/269
|-damage|p2a: Blaziken|174/247 tox|[from] Recoil
|-damage|p2a: Blaziken|150/247 tox|[from] item: Life Orb
|
|-damage|p2a: Blaziken|120/247 tox|[from] psn
|-ability|p2a: Blaziken|Speed Boost|boost
|-boost|p2a: Blaziken|spe|1
|upkeep
|turn|5
|
|t:|1685149174
|move|p2a: Blaziken|Flare Blitz|p1a: Sawk
|-crit|p1a: Sawk
|-damage|p1a: Sawk|0 fnt
|faint|p1a: Sawk
|-damage|p2a: Blaziken|89/247 tox|[from] Recoil
|-damage|p2a: Blaziken|65/247 tox|[from] item: Life Orb
|
|-damage|p2a: Blaziken|20/247 tox|[from] psn
|-ability|p2a: Blaziken|Speed Boost|boost
|-boost|p2a: Blaziken|spe|1
|upkeep
|
|t:|1685149185
|switch|p1a: Stoutland|Stoutland, L86, F|286/286
|-ability|p1a: Stoutland|Intimidate|boost
|-unboost|p2a: Blaziken|atk|1
|turn|6
|
|t:|1685149207
|move|p2a: Blaziken|Close Combat|p1a: Stoutland
|-supereffective|p1a: Stoutland
|-damage|p1a: Stoutland|75/286
|-unboost|p2a: Blaziken|def|1
|-unboost|p2a: Blaziken|spd|1
|-damage|p2a: Blaziken|0 fnt|[from] item: Life Orb
|faint|p2a: Blaziken
|move|p1a: Stoutland|Play Rough|p2: Blaziken|[notarget]
|-fail|p1a: Stoutland
|
|upkeep
|
|t:|1685149216
|switch|p2a: Kingler|Kingler, L84, M|149/230
|turn|7
|
|t:|1685149223
|move|p1a: Stoutland|Play Rough|p2a: Kingler
|-damage|p2a: Kingler|90/230
|move|p2a: Kingler|Rock Slide|p1a: Stoutland
|-damage|p1a: Stoutland|0 fnt
|faint|p1a: Stoutland
|
|upkeep
|
|t:|1685149234
|switch|p1a: Magearna|Magearna, L76|247/247
|turn|8
|
|t:|1685149246
|switch|p2a: Reshiram|Reshiram, L74|270/270
|-ability|p2a: Reshiram|Turboblaze
|-start|p1a: Magearna|Dynamax|
|-heal|p1a: Magearna|494/494|[silent]
|move|p1a: Magearna|Max Starfall|p2a: Reshiram
|-damage|p2a: Reshiram|135/270
|-fieldstart|move: Misty Terrain
|
|upkeep
|turn|9
|
|t:|1685149260
|move|p2a: Reshiram|Roost|p2a: Reshiram
|-heal|p2a: Reshiram|270/270
|-singleturn|p2a: Reshiram|move: Roost
|move|p1a: Magearna|Max Starfall|p2a: Reshiram
|-damage|p2a: Reshiram|143/270
|
|upkeep
|turn|10
|
|t:|1685149269
|move|p2a: Reshiram|Roost|p2a: Reshiram
|-heal|p2a: Reshiram|270/270
|-singleturn|p2a: Reshiram|move: Roost
|move|p1a: Magearna|Max Starfall|p2a: Reshiram
|-damage|p2a: Reshiram|128/270
|
|upkeep
|-end|p1a: Magearna|Dynamax
|-heal|p1a: Magearna|247/247|[silent]
|turn|11
|
|t:|1685149278
|move|p2a: Reshiram|Roost|p2a: Reshiram
|-heal|p2a: Reshiram|263/270
|-singleturn|p2a: Reshiram|move: Roost
|move|p1a: Magearna|Calm Mind|p1a: Magearna
|-boost|p1a: Magearna|spa|1
|-boost|p1a: Magearna|spd|1
|
|upkeep
|turn|12
|
|t:|1685149286
|move|p2a: Reshiram|Blue Flare|p1a: Magearna
|-supereffective|p1a: Magearna
|-damage|p1a: Magearna|67/247
|move|p1a: Magearna|Calm Mind|p1a: Magearna
|-boost|p1a: Magearna|spa|1
|-boost|p1a: Magearna|spd|1
|
|-heal|p1a: Magearna|82/247|[from] item: Leftovers
|-fieldend|Misty Terrain
|upkeep
|turn|13
|
|t:|1685149296
|move|p2a: Reshiram|Blue Flare|p1a: Magearna
|-supereffective|p1a: Magearna
|-damage|p1a: Magearna|0 fnt
|faint|p1a: Magearna
|
|upkeep
|
|t:|1685149305
|switch|p1a: Glaceon|Glaceon, L86, M|243/243
|turn|14
|
|t:|1685149319
|move|p1a: Glaceon|Nasty Plot|p1a: Glaceon
|-boost|p1a: Glaceon|spa|2
|move|p2a: Reshiram|Blue Flare|p1a: Glaceon|[miss]
|-miss|p2a: Reshiram|p1a: Glaceon
|
|upkeep
|turn|15
|
|t:|1685149328
|move|p1a: Glaceon|Nasty Plot|p1a: Glaceon
|-boost|p1a: Glaceon|spa|2
|move|p2a: Reshiram|Blue Flare|p1a: Glaceon
|-damage|p1a: Glaceon|59/243
|-status|p1a: Glaceon|brn
|replace|p1a: Zoroark|Zoroark, L86, M
|-end|p1a: Zoroark|Illusion
|
|-damage|p1a: Zoroark|44/243 brn|[from] brn
|upkeep
|turn|16
|
|t:|1685149346
|switch|p2a: Cofagrigus|Cofagrigus, L86, M|240/240
|move|p1a: Zoroark|Dark Pulse|p2a: Cofagrigus
|-supereffective|p2a: Cofagrigus
|-damage|p2a: Cofagrigus|0 fnt
|faint|p2a: Cofagrigus
|-damage|p1a: Zoroark|20/243 brn|[from] item: Life Orb
|
|-damage|p1a: Zoroark|5/243 brn|[from] brn
|upkeep
|
|t:|1685149350
|switch|p2a: Kingler|Kingler, L84, M|90/230
|turn|17
|
|t:|1685149356
|move|p1a: Zoroark|Dark Pulse|p2a: Kingler
|-damage|p2a: Kingler|0 fnt
|faint|p2a: Kingler
|-damage|p1a: Zoroark|0 fnt|[from] item: Life Orb
|faint|p1a: Zoroark
|
|upkeep
|
|t:|1685149362
|switch|p1a: Glaceon|Glaceon, L88, M|258/258
|switch|p2a: Reshiram|Reshiram, L74|263/270
|-ability|p2a: Reshiram|Turboblaze
|turn|18
|
|t:|1685149369
|-start|p2a: Reshiram|Dynamax|
|-heal|p2a: Reshiram|526/540|[silent]
|move|p2a: Reshiram|Max Flare|p1a: Glaceon
|-supereffective|p1a: Glaceon
|-damage|p1a: Glaceon|0 fnt
|-weather|SunnyDay
|faint|p1a: Glaceon
|
|win|Sarahhhhv13
