{"id": "gen8randombattle-1200357629", "p1": "MichaelderBeste2", "p2": "Elxsa\u2740", "format": "[Gen 8] Random Battle", "log": "|j|\u2606MichaelderBeste2\n|j|\u2606Elxsa\u2740\n|t:|1602234246\n|player|p1|MichaelderBeste2|steven|2532\n|player|p2|Elxsa\u2740|elesa|2441\n|teamsize|p1|6\n|teamsize|p2|6\n|gametype|singles\n|gen|8\n|tier|[Gen 8] Random Battle\n|rated|\n|rule|Species Clause: Limit one of each Pok\u00e9mon\n|rule|HP Percentage Mod: HP is shown in percentages\n|rule|Sleep Clause Mod: Limit one foe put to sleep\n|\n|t:|1602234246\n|start\n|switch|p1a: Alcremie|Alcremie, L88, F|258/258\n|switch|p2a: Nidoqueen|Nidoqueen, L84, F|288/288\n|turn|1\n|c|\u2606Elxsa\u2740|hf\n|c|\u2606MichaelderBeste2|u2\n|\n|t:|1602234296\n|move|p2a: Nidoqueen|Earth Power|p1a: Alcremie\n|-damage|p1a: Alcremie|164/258\n|move|p1a: Alcremie|Psychic|p2a: Nidoqueen\n|-supereffective|p2a: Nidoqueen\n|-damage|p2a: Nidoqueen|85/288\n|-damage|p1a: Alcremie|139/258|[from] item: Life Orb\n|\n|upkeep\n|turn|2\n|\n|t:|1602234303\n|switch|p1a: Sandaconda|Sandaconda, L86, M|264/264\n|move|p2a: Nidoqueen|Toxic Spikes|p1a: Sandaconda\n|-sidestart|p1: MichaelderBeste2|move: Toxic Spikes\n|\n|upkeep\n|turn|3\n|\n|t:|1602234364\n|move|p2a: Nidoqueen|Ice Beam|p1a: Sandaconda\n|-supereffective|p1a: Sandaconda\n|-damage|p1a: Sandaconda|59/264\n|move|p1a: Sandaconda|Earthquake|p2a: Nidoqueen\n|-supereffective|p2a: Nidoqueen\n|-damage|p2a: Nidoqueen|0 fnt\n|faint|p2a: Nidoqueen\n|\n|-heal|p1a: Sandaconda|75/264|[from] item: Leftovers\n|upkeep\n|\n|t:|1602234373\n|switch|p2a: Milotic|Milotic, L84, F|297/297\n|turn|4\n|\n|t:|1602234396\n|switch|p1a: Type: Null|Type: Null, L88|310/310\n|-status|p1a: Type: Null|psn\n|move|p2a: Milotic|Scald|p1a: Type: Null\n|-damage|p1a: Type: Null|258/310 psn\n|\n|-damage|p1a: Type: Null|220/310 psn|[from] psn\n|upkeep\n|turn|5\n|\n|t:|1602234401\n|move|p2a: Milotic|Scald|p1a: Type: Null\n|-damage|p1a: Type: Null|168/310 psn\n|move|p1a: Type: Null|Crush Claw|p2a: Milotic\n|-damage|p2a: Milotic|197/297\n|-unboost|p2a: Milotic|def|1\n|-ability|p2a: Milotic|Competitive\n|-boost|p2a: Milotic|spa|2\n|\n|-heal|p2a: Milotic|215/297|[from] item: Leftovers\n|-damage|p1a: Type: Null|130/310 psn|[from] psn\n|upkeep\n|turn|6\n|\n|t:|1602234425\n|switch|p1a: Bellossom|Bellossom, L88, M|275/275\n|-status|p1a: Bellossom|psn\n|move|p2a: Milotic|Scald|p1a: Bellossom\n|-resisted|p1a: Bellossom\n|-damage|p1a: Bellossom|206/275 psn\n|\n|-heal|p2a: Milotic|233/297|[from] item: Leftovers\n|-heal|p1a: Bellossom|223/275 psn|[from] item: Leftovers\n|-damage|p1a: Bellossom|189/275 psn|[from] psn\n|upkeep\n|turn|7\n|\n|t:|1602234431\n|move|p2a: Milotic|Ice Beam|p1a: Bellossom\n|-supereffective|p1a: Bellossom\n|-damage|p1a: Bellossom|0 fnt\n|faint|p1a: Bellossom\n|\n|-heal|p2a: Milotic|251/297|[from] item: Leftovers\n|upkeep\n|c|\u2606MichaelderBeste2|uh\n|\n|t:|1602234442\n|switch|p1a: Centiskorch|Centiskorch, L84, F|305/305\n|turn|8\n|\n|t:|1602234446\n|-start|p1a: Centiskorch|Dynamax\n|-heal|p1a: Centiskorch|610/610|[silent]\n|move|p2a: Milotic|Scald|p1a: Centiskorch\n|-supereffective|p1a: Centiskorch\n|-damage|p1a: Centiskorch|280/610\n|move|p1a: Centiskorch|Max Flutterby|p2a: Milotic\n|-damage|p2a: Milotic|11/297\n|-unboost|p2a: Milotic|spa|1\n|-ability|p2a: Milotic|Competitive\n|-boost|p2a: Milotic|spa|2\n|\n|-heal|p2a: Milotic|29/297|[from] item: Leftovers\n|upkeep\n|turn|9\n|c|\u2606MichaelderBeste2|UHHH\n|\n|t:|1602234455\n|move|p2a: Milotic|Scald|p1a: Centiskorch\n|-supereffective|p1a: Centiskorch\n|-damage|p1a: Centiskorch|0 fnt\n|faint|p1a: Centiskorch\n|\n|-heal|p2a: Milotic|47/297|[from] item: Leftovers\n|upkeep\n|\n|t:|1602234456\n|switch|p1a: Moltres|Moltres, L82|282/282\n|turn|10\n|c|\u2606Elxsa\u2740|lol\n|\n|t:|1602234463\n|switch|p2a: Blissey|Blissey, L80, F|539/539\n|move|p1a: Moltres|Air Slash|p2a: Blissey\n|-damage|p2a: Blissey|464/539\n|\n|-heal|p2a: Blissey|497/539|[from] item: Leftovers\n|upkeep\n|turn|11\n|\n|t:|1602234475\n|move|p1a: Moltres|Defog|p2a: Blissey\n|-unboost|p2a: Blissey|evasion|1\n|-sideend|p1: MichaelderBeste2|Toxic Spikes|[from] move: Defog|[of] p1a: Moltres\n|move|p2a: Blissey|Seismic Toss|p1a: Moltres\n|-damage|p1a: Moltres|202/282\n|\n|-heal|p2a: Blissey|530/539|[from] item: Leftovers\n|upkeep\n|turn|12\n|\n|t:|1602234488\n|switch|p1a: Type: Null|Type: Null, L88|130/310 psn\n|move|p2a: Blissey|Seismic Toss|p1a: Type: Null\n|-damage|p1a: Type: Null|50/310 psn\n|\n|-heal|p2a: Blissey|539/539|[from] item: Leftovers\n|-damage|p1a: Type: Null|12/310 psn|[from] psn\n|upkeep\n|turn|13\n|\n|t:|1602234496\n|move|p1a: Type: Null|Rest|p1a: Type: Null\n|-status|p1a: Type: Null|slp|[from] move: Rest\n|-heal|p1a: Type: Null|310/310 slp|[silent]\n|move|p2a: Blissey|Wish|p2a: Blissey\n|\n|upkeep\n|turn|14\n|\n|t:|1602234513\n|switch|p2a: Milotic|Milotic, L84, F|47/297\n|cant|p1a: Type: Null|slp\n|move|p1a: Type: Null|Sleep Talk|p1a: Type: Null\n|move|p1a: Type: Null|Rest|p1a: Type: Null|[from]Sleep Talk\n|-fail|p1a: Type: Null|heal\n|\n|-heal|p2a: Milotic|297/297|[from] move: Wish|[wisher] Blissey\n|upkeep\n|turn|15\n|j| Uahsg\n|\n|t:|1602234527\n|move|p2a: Milotic|Scald|p1a: Type: Null\n|-damage|p1a: Type: Null|252/310 slp\n|cant|p1a: Type: Null|slp\n|\n|upkeep\n|turn|16\n|\n|t:|1602234531\n|move|p2a: Milotic|Scald|p1a: Type: Null\n|-damage|p1a: Type: Null|200/310 slp\n|-curestatus|p1a: Type: Null|slp|[msg]\n|move|p1a: Type: Null|Swords Dance|p1a: Type: Null\n|-boost|p1a: Type: Null|atk|2\n|\n|upkeep\n|turn|17\n|\n|t:|1602234533\n|move|p2a: Milotic|Haze|p2a: Milotic\n|-clearallboost\n|move|p1a: Type: Null|Swords Dance|p1a: Type: Null\n|-boost|p1a: Type: Null|atk|2\n|\n|upkeep\n|turn|18\n|c|\u2606MichaelderBeste2|f\n|\n|t:|1602234545\n|switch|p1a: Alcremie|Alcremie, L88, F|139/258\n|move|p2a: Milotic|Scald|p1a: Alcremie\n|-damage|p1a: Alcremie|72/258\n|\n|upkeep\n|turn|19\n|\n|t:|1602234550\n|move|p2a: Milotic|Scald|p1a: Alcremie\n|-damage|p1a: Alcremie|6/258\n|move|p1a: Alcremie|Recover|p1a: Alcremie\n|-heal|p1a: Alcremie|135/258\n|\n|upkeep\n|turn|20\n|\n|t:|1602234554\n|move|p2a: Milotic|Scald|p1a: Alcremie\n|-damage|p1a: Alcremie|66/258\n|move|p1a: Alcremie|Recover|p1a: Alcremie\n|-heal|p1a: Alcremie|195/258\n|\n|upkeep\n|turn|21\n|j| Gabrielrp123456\n|\n|t:|1602234560\n|switch|p2a: Blissey|Blissey, L80, F|539/539\n|move|p1a: Alcremie|Recover|p1a: Alcremie\n|-heal|p1a: Alcremie|258/258\n|\n|upkeep\n|turn|22\n|\n|t:|1602234563\n|switch|p1a: Type: Null|Type: Null, L88|200/310\n|move|p2a: Blissey|Toxic|p1a: Type: Null\n|-status|p1a: Type: Null|tox\n|\n|-damage|p1a: Type: Null|181/310 tox|[from] psn\n|upkeep\n|turn|23\n|\n|t:|1602234566\n|switch|p2a: Milotic|Milotic, L84, F|297/297\n|move|p1a: Type: Null|Swords Dance|p1a: Type: Null\n|-boost|p1a: Type: Null|atk|2\n|\n|-damage|p1a: Type: Null|143/310 tox|[from] psn\n|upkeep\n|turn|24\n|\n|t:|1602234578\n|move|p2a: Milotic|Haze|p2a: Milotic\n|-clearallboost\n|move|p1a: Type: Null|Rest|p1a: Type: Null\n|-status|p1a: Type: Null|slp|[from] move: Rest\n|-heal|p1a: Type: Null|310/310 slp|[silent]\n|\n|upkeep\n|turn|25\n|\n|t:|1602234591\n|switch|p2a: Ninetales|Ninetales, L86, F|266/266\n|-weather|SunnyDay|[from] ability: Drought|[of] p2a: Ninetales\n|cant|p1a: Type: Null|slp\n|\n|-weather|SunnyDay|[upkeep]\n|upkeep\n|turn|26\n|\n|t:|1602234594\n|move|p2a: Ninetales|Nasty Plot|p2a: Ninetales\n|-boost|p2a: Ninetales|spa|2\n|cant|p1a: Type: Null|slp\n|move|p1a: Type: Null|Sleep Talk|p1a: Type: Null\n|move|p1a: Type: Null|Crush Claw|p2a: Ninetales|[from]Sleep Talk\n|-damage|p2a: Ninetales|172/266\n|\n|-weather|SunnyDay|[upkeep]\n|upkeep\n|turn|27\n|\n|t:|1602234601\n|move|p2a: Ninetales|Nasty Plot|p2a: Ninetales\n|-boost|p2a: Ninetales|spa|2\n|-curestatus|p1a: Type: Null|slp|[msg]\n|move|p1a: Type: Null|Crush Claw|p2a: Ninetales\n|-damage|p2a: Ninetales|78/266\n|-unboost|p2a: Ninetales|def|1\n|\n|-weather|SunnyDay|[upkeep]\n|upkeep\n|turn|28\n|\n|t:|1602234640\n|switch|p1a: Moltres|Moltres, L82|202/282\n|-start|p2a: Ninetales|Dynamax\n|-heal|p2a: Ninetales|156/532|[silent]\n|move|p2a: Ninetales|Max Flare|p1a: Moltres\n|-resisted|p1a: Moltres\n|-damage|p1a: Moltres|0 fnt\n|faint|p1a: Moltres\n|\n|-weather|SunnyDay|[upkeep]\n|upkeep\n|c|\u2606Elxsa\u2740|gg\n|l| Gabrielrp123456\n|\n|t:|1602234676\n|switch|p1a: Type: Null|Type: Null, L88|310/310\n|turn|29\n|\n|t:|1602234679\n|switch|p1a: Alcremie|Alcremie, L88, F|258/258\n|move|p2a: Ninetales|Max Flare|p1a: Alcremie\n|-damage|p1a: Alcremie|0 fnt\n|faint|p1a: Alcremie\n|\n|-weather|none\n|upkeep\n|\n|t:|1602234684\n|switch|p1a: Type: Null|Type: Null, L88|310/310\n|turn|30\n|\n|t:|1602234687\n|move|p2a: Ninetales|Max Flare|p1a: Type: Null\n|-damage|p1a: Type: Null|82/310\n|-weather|SunnyDay\n|move|p1a: Type: Null|Rest|p1a: Type: Null\n|-status|p1a: Type: Null|slp|[from] move: Rest\n|-heal|p1a: Type: Null|310/310 slp|[silent]\n|\n|-weather|SunnyDay|[upkeep]\n|-end|p2a: Ninetales|Dynamax\n|-heal|p2a: Ninetales|78/266|[silent]\n|upkeep\n|turn|31\n|\n|t:|1602234693\n|move|p2a: Ninetales|Fire Blast|p1a: Type: Null\n|-damage|p1a: Type: Null|37/310 slp\n|cant|p1a: Type: Null|slp\n|move|p1a: Type: Null|Sleep Talk|p1a: Type: Null\n|move|p1a: Type: Null|Swords Dance|p1a: Type: Null|[from]Sleep Talk\n|-boost|p1a: Type: Null|atk|2\n|\n|-weather|SunnyDay|[upkeep]\n|upkeep\n|turn|32\n|\n|t:|1602234697\n|move|p2a: Ninetales|Solar Beam||[still]\n|-prepare|p2a: Ninetales|Solar Beam\n|-anim|p2a: Ninetales|Solar Beam|p1a: Type: Null\n|-damage|p1a: Type: Null|0 fnt\n|faint|p1a: Type: Null\n|\n|-weather|SunnyDay|[upkeep]\n|upkeep\n|c|\u2606MichaelderBeste2|meh\n|c|\u2606MichaelderBeste2|gg\n|-message|MichaelderBeste2 forfeited.\n|\n|win|Elxsa\u2740\n|l|\u2606MichaelderBeste2\n|raw|MichaelderBeste2's rating: 2498 &rarr; <strong>2475</strong><br />(-23 for losing)\n|raw|Elxsa\u2740's rating: 2441 &rarr; <strong>2464</strong><br />(+23 for winning)\n", "inputlog": ">version fb23fc8733049681516b1c580e774761f50f29d9\n>start {\"formatid\":\"gen8randombattle\",\"seed\":[52453,41233,37685,62244],\"rated\":\"Rated battle\"}\n>player p1 {\"name\":\"MichaelderBeste2\",\"avatar\":\"steven\",\"team\":\"\",\"rating\":2532,\"seed\":[51280,38844,7839,26226]}\n>player p2 {\"name\":\"Elxsa\u2740\",\"avatar\":\"elesa\",\"team\":\"\",\"rating\":2441,\"seed\":[13461,2270,16405,52546]}\n>chat \u2606Elxsa\u2740|hf\n>chat \u2606MichaelderBeste2|u2\n>p1 move psychic\n>p2 move earthpower\n>p1 switch 4\n>p2 move toxicspikes\n>p1 move earthquake\n>p2 move icebeam\n>p2 switch 2\n>p1 switch 6\n>p2 move scald\n>p1 move crushclaw\n>p2 move scald\n>p1 switch 5\n>p2 move scald\n>p1 move quiverdance\n>p2 move icebeam\n>chat \u2606MichaelderBeste2|uh\n>p1 switch 3\n>p1 move leechlife dynamax\n>p2 move scald\n>chat \u2606MichaelderBeste2|UHHH\n>p1 move leechlife dynamax\n>p2 move scald\n>p1 switch 2\n>chat \u2606Elxsa\u2740|lol\n>p1 move airslash\n>p2 switch 4\n>p1 move defog\n>p2 move seismictoss\n>p1 switch 5\n>p2 move seismictoss\n>p1 move rest\n>p2 move wish\n>p1 move sleeptalk\n>p2 switch 4\n>p1 move swordsdance\n>p2 move scald\n>p1 move swordsdance\n>p2 move scald\n>p1 move swordsdance\n>p2 move haze\n>chat \u2606MichaelderBeste2|f\n>p1 switch 4\n>p2 move scald\n>p1 move recover\n>p2 move scald\n>p1 move recover\n>p2 move scald\n>p1 move recover\n>p2 switch 4\n>p1 switch 4\n>p2 move toxic\n>p1 move swordsdance\n>p2 switch 4\n>p1 move rest\n>p2 move haze\n>p1 move swordsdance\n>p2 switch 3\n>p1 move sleeptalk\n>p2 move nastyplot\n>p1 move crushclaw\n>p2 move nastyplot\n>p1 switch 5\n>p2 move fireblast dynamax\n>chat \u2606Elxsa\u2740|gg\n>p1 switch 5\n>p1 switch 4\n>p2 move fireblast dynamax\n>p1 switch 4\n>p1 move rest\n>p2 move fireblast dynamax\n>p1 move sleeptalk\n>p2 move fireblast\n>p1 move sleeptalk\n>p2 move solarbeam\n>chat \u2606MichaelderBeste2|meh\n>chat \u2606MichaelderBeste2|gg", "uploadtime": 1602234734, "views": 232, "p1id": "michaelderbeste2", "p2id": "elxsa", "formatid": "gen8randombattle", "rating": 2464, "private": 0, "password": null}