{"id": "gen8randombattle-1873530140", "p1": "mikeyuwu", "p2": "ArthurNoob", "format": "[Gen 8] Random Battle", "log": "|j|\u2606mikeyuwu\n|j|\u2606ArthurNoob\n|t:|1685386946\n|gametype|singles\n|player|p1|mikeyuwu|psychic-gen4|1299\n|player|p2|ArthurNoob|benga|1213\n|teamsize|p1|6\n|teamsize|p2|6\n|gen|8\n|tier|[Gen 8] Random Battle\n|rated|\n|rule|Species Clause: Limit one of each Pok\u00e9mon\n|rule|HP Percentage Mod: HP is shown in percentages\n|rule|Sleep Clause Mod: Limit one foe put to sleep\n|\n|t:|1685386946\n|start\n|switch|p1a: Togedemaru|Togedemaru, L86, M|252/252\n|switch|p2a: Palkia|Palkia, L74|255/255\n|-ability|p2a: Palkia|Pressure\n|turn|1\n|\n|t:|1685386962\n|move|p1a: Togedemaru|Nuzzle|p2a: Palkia\n|-damage|p2a: Palkia|218/255\n|-status|p2a: Palkia|par\n|move|p2a: Palkia|Fire Blast|p1a: Togedemaru\n|-supereffective|p1a: Togedemaru\n|-damage|p1a: Togedemaru|0 fnt\n|faint|p1a: Togedemaru\n|\n|upkeep\n|\n|t:|1685386973\n|switch|p1a: Kyurem|Kyurem-Black, L73|303/303\n|-ability|p1a: Kyurem|Teravolt\n|turn|2\n|\n|t:|1685387000\n|move|p1a: Kyurem|Dragon Dance|p1a: Kyurem\n|-boost|p1a: Kyurem|atk|1\n|-boost|p1a: Kyurem|spe|1\n|move|p2a: Palkia|Fire Blast|p1a: Kyurem|[miss]\n|-miss|p2a: Palkia|p1a: Kyurem\n|\n|upkeep\n|turn|3\n|\n|t:|1685387009\n|move|p1a: Kyurem|Dragon Dance|p1a: Kyurem\n|-boost|p1a: Kyurem|atk|1\n|-boost|p1a: Kyurem|spe|1\n|move|p2a: Palkia|Fire Blast|p1a: Kyurem\n|-damage|p1a: Kyurem|161/303\n|\n|upkeep\n|turn|4\n|\n|t:|1685387016\n|-start|p1a: Kyurem|Dynamax|\n|-heal|p1a: Kyurem|322/606|[silent]\n|move|p1a: Kyurem|Max Wyrmwind|p2a: Palkia\n|-supereffective|p2a: Palkia\n|-damage|p2a: Palkia|0 fnt\n|faint|p2a: Palkia\n|\n|upkeep\n|\n|t:|1685387034\n|switch|p2a: Bronzong|Bronzong, L83|247/247\n|turn|5\n|\n|t:|1685387045\n|move|p1a: Kyurem|Max Lightning|p2a: Bronzong\n|-damage|p2a: Bronzong|78/247\n|-fieldstart|move: Electric Terrain\n|move|p2a: Bronzong|Stealth Rock|p1a: Kyurem\n|-sidestart|p1: mikeyuwu|move: Stealth Rock\n|\n|-heal|p2a: Bronzong|93/247|[from] item: Leftovers\n|upkeep\n|turn|6\n|\n|t:|1685387056\n|move|p1a: Kyurem|Max Lightning|p2a: Bronzong\n|-damage|p2a: Bronzong|0 fnt\n|faint|p2a: Bronzong\n|\n|upkeep\n|\n|t:|1685387075\n|switch|p2a: Guzzlord|Guzzlord, L84|512/512\n|-end|p1a: Kyurem|Dynamax\n|-heal|p1a: Kyurem|161/303|[silent]\n|turn|7\n|\n|t:|1685387083\n|move|p1a: Kyurem|Outrage|p2a: Guzzlord\n|-supereffective|p2a: Guzzlord\n|-damage|p2a: Guzzlord|0 fnt\n|faint|p2a: Guzzlord\n|\n|upkeep\n|\n|t:|1685387093\n|switch|p2a: Morpeko|Morpeko, L86, F|240/240\n|turn|8\n|\n|t:|1685387108\n|move|p1a: Kyurem|Outrage|p2a: Morpeko|[from]lockedmove\n|-damage|p2a: Morpeko|0 fnt\n|faint|p2a: Morpeko\n|-start|p1a: Kyurem|confusion|[fatigue]\n|\n|upkeep\n|\n|t:|1685387117\n|switch|p2a: Pikachu|Pikachu-World, L92, M|214/214\n|turn|9\n|\n|t:|1685387125\n|-activate|p1a: Kyurem|confusion\n|-damage|p1a: Kyurem|93/303|[from] confusion\n|move|p2a: Pikachu|Iron Tail|p1a: Kyurem\n|-supereffective|p1a: Kyurem\n|-damage|p1a: Kyurem|0 fnt\n|faint|p1a: Kyurem\n|\n|-fieldend|move: Electric Terrain\n|upkeep\n|\n|t:|1685387132\n|switch|p1a: Marowak|Marowak-Alola, L84, F|238/238\n|-damage|p1a: Marowak|179/238|[from] Stealth Rock\n|turn|10\n|\n|t:|1685387138\n|move|p2a: Pikachu|Knock Off|p1a: Marowak\n|-supereffective|p1a: Marowak\n|-damage|p1a: Marowak|3/238\n|-enditem|p1a: Marowak|Thick Club|[from] move: Knock Off|[of] p2a: Pikachu\n|move|p1a: Marowak|Earthquake|p2a: Pikachu\n|-supereffective|p2a: Pikachu\n|-damage|p2a: Pikachu|28/214\n|\n|upkeep\n|turn|11\n|\n|t:|1685387151\n|move|p2a: Pikachu|Knock Off|p1a: Marowak\n|-supereffective|p1a: Marowak\n|-damage|p1a: Marowak|0 fnt\n|faint|p1a: Marowak\n|\n|upkeep\n|\n|t:|1685387154\n|switch|p1a: Crustle|Crustle, L82, M|249/249\n|turn|12\n|\n|t:|1685387168\n|move|p2a: Pikachu|Iron Tail|p1a: Crustle|[miss]\n|-miss|p2a: Pikachu|p1a: Crustle\n|move|p1a: Crustle|Earthquake|p2a: Pikachu\n|-supereffective|p2a: Pikachu\n|-damage|p2a: Pikachu|0 fnt\n|faint|p2a: Pikachu\n|\n|upkeep\n|\n|t:|1685387176\n|switch|p2a: Chansey|Chansey, L84, F|557/557\n|turn|13\n|\n|t:|1685387182\n|move|p2a: Chansey|Seismic Toss|p1a: Crustle\n|-damage|p1a: Crustle|165/249\n|move|p1a: Crustle|Stone Edge|p2a: Chansey\n|-damage|p2a: Chansey|301/557\n|\n|upkeep\n|turn|14\n|\n|t:|1685387197\n|-start|p2a: Chansey|Dynamax|\n|-heal|p2a: Chansey|602/1114|[silent]\n|move|p2a: Chansey|Max Knuckle|p1a: Crustle\n|-damage|p1a: Crustle|162/249\n|-boost|p2a: Chansey|atk|1\n|move|p1a: Crustle|Stone Edge|p2a: Chansey\n|-crit|p2a: Chansey\n|-damage|p2a: Chansey|229/1114\n|\n|upkeep\n|turn|15\n|\n|t:|1685387211\n|move|p2a: Chansey|Max Guard|p2a: Chansey\n|-singleturn|p2a: Chansey|Max Guard\n|move|p1a: Crustle|Stone Edge|p2a: Chansey\n|-activate|p2a: Chansey|move: Max Guard\n|\n|upkeep\n|turn|16\n|\n|t:|1685387216\n|move|p2a: Chansey|Max Knuckle|p1a: Crustle\n|-damage|p1a: Crustle|158/249\n|-boost|p2a: Chansey|atk|1\n|move|p1a: Crustle|Stone Edge|p2a: Chansey|[miss]\n|-miss|p1a: Crustle|p2a: Chansey\n|\n|upkeep\n|-end|p2a: Chansey|Dynamax\n|-heal|p2a: Chansey|115/557|[silent]\n|turn|17\n|\n|t:|1685387228\n|move|p2a: Chansey|Soft-Boiled|p2a: Chansey\n|-heal|p2a: Chansey|394/557\n|move|p1a: Crustle|Stone Edge|p2a: Chansey\n|-damage|p2a: Chansey|129/557\n|\n|upkeep\n|turn|18\n|\n|t:|1685387234\n|move|p2a: Chansey|Soft-Boiled|p2a: Chansey\n|-heal|p2a: Chansey|408/557\n|move|p1a: Crustle|Stone Edge|p2a: Chansey\n|-crit|p2a: Chansey\n|-damage|p2a: Chansey|47/557\n|\n|upkeep\n|turn|19\n|\n|t:|1685387242\n|move|p2a: Chansey|Soft-Boiled|p2a: Chansey\n|-heal|p2a: Chansey|326/557\n|move|p1a: Crustle|Stone Edge|p2a: Chansey\n|-damage|p2a: Chansey|98/557\n|\n|upkeep\n|turn|20\n|\n|t:|1685387249\n|move|p2a: Chansey|Soft-Boiled|p2a: Chansey\n|-heal|p2a: Chansey|377/557\n|move|p1a: Crustle|Stone Edge|p2a: Chansey|[miss]\n|-miss|p1a: Crustle|p2a: Chansey\n|\n|upkeep\n|turn|21\n|\n|t:|1685387257\n|move|p2a: Chansey|Seismic Toss|p1a: Crustle\n|-damage|p1a: Crustle|74/249\n|move|p1a: Crustle|Earthquake|p2a: Chansey\n|-damage|p2a: Chansey|202/557\n|\n|upkeep\n|turn|22\n|\n|t:|1685387264\n|move|p2a: Chansey|Soft-Boiled|p2a: Chansey\n|-heal|p2a: Chansey|481/557\n|move|p1a: Crustle|Earthquake|p2a: Chansey\n|-crit|p2a: Chansey\n|-damage|p2a: Chansey|216/557\n|\n|upkeep\n|turn|23\n|\n|t:|1685387271\n|move|p2a: Chansey|Soft-Boiled|p2a: Chansey\n|-heal|p2a: Chansey|495/557\n|move|p1a: Crustle|Earthquake|p2a: Chansey\n|-damage|p2a: Chansey|326/557\n|\n|upkeep\n|turn|24\n|\n|t:|1685387278\n|move|p2a: Chansey|Seismic Toss|p1a: Crustle\n|-damage|p1a: Crustle|0 fnt\n|faint|p1a: Crustle\n|\n|upkeep\n|\n|t:|1685387285\n|switch|p1a: Kingler|Kingler, L84, M|230/230\n|-damage|p1a: Kingler|202/230|[from] Stealth Rock\n|turn|25\n|\n|t:|1685387292\n|move|p1a: Kingler|Swords Dance|p1a: Kingler\n|-boost|p1a: Kingler|atk|2\n|move|p2a: Chansey|Seismic Toss|p1a: Kingler\n|-damage|p1a: Kingler|118/230\n|\n|upkeep\n|turn|26\n|\n|t:|1685387299\n|move|p1a: Kingler|Swords Dance|p1a: Kingler\n|-boost|p1a: Kingler|atk|2\n|move|p2a: Chansey|Soft-Boiled|p2a: Chansey\n|-heal|p2a: Chansey|557/557\n|\n|upkeep\n|turn|27\n|\n|t:|1685387307\n|move|p1a: Kingler|Swords Dance|p1a: Kingler\n|-boost|p1a: Kingler|atk|2\n|move|p2a: Chansey|Seismic Toss|p1a: Kingler\n|-damage|p1a: Kingler|34/230\n|\n|upkeep\n|turn|28\n|\n|t:|1685387314\n|move|p1a: Kingler|Superpower|p2a: Chansey\n|-supereffective|p2a: Chansey\n|-damage|p2a: Chansey|0 fnt\n|-unboost|p1a: Kingler|atk|1\n|-unboost|p1a: Kingler|def|1\n|faint|p2a: Chansey\n|-damage|p1a: Kingler|11/230|[from] item: Life Orb\n|\n|win|mikeyuwu\n|raw|mikeyuwu's rating: 1299 &rarr; <strong>1318</strong><br />(+19 for winning)\n|raw|ArthurNoob's rating: 1213 &rarr; <strong>1194</strong><br />(-19 for losing)\n|l|\u2606ArthurNoob\n", "inputlog": ">version 6fec31d5a0d4498a06105aa188c9906bc0b6bf95\n>start {\"formatid\":\"gen8randombattle\",\"seed\":[24348,20786,40105,45738],\"rated\":\"Rated battle\"}\n>player p1 {\"name\":\"mikeyuwu\",\"avatar\":\"psychic-gen4\",\"rating\":1299,\"seed\":[47698,936,57958,3842]}\n>player p2 {\"name\":\"ArthurNoob\",\"avatar\":\"benga\",\"rating\":1213,\"seed\":[23242,32319,55704,396]}\n>p1 move nuzzle\n>p2 move fireblast\n>p1 switch 5\n>p1 move dragondance\n>p2 move fireblast\n>p1 move dragondance\n>p2 move fireblast\n>p1 move outrage dynamax\n>p2 move fireblast\n>p2 switch 6\n>p1 move fusionbolt dynamax\n>p2 move stealthrock\n>p1 move fusionbolt dynamax\n>p2 move toxic\n>p2 switch 3\n>p1 move outrage\n>p2 move dracometeor\n>p2 switch 4\n>p1 move outrage\n>p2 move aurawheel\n>p2 switch 2\n>p1 move iciclespear\n>p2 move irontail\n>p1 switch 4\n>p1 move earthquake\n>p2 move knockoff\n>p1 move flamecharge\n>p2 move knockoff\n>p1 switch 3\n>p1 move earthquake\n>p2 move irontail\n>p2 switch 5\n>p1 move stoneedge\n>p2 move seismictoss\n>p1 move stoneedge\n>p2 move seismictoss dynamax\n>p1 move stoneedge\n>p2 move stealthrock dynamax\n>p1 move stoneedge\n>p2 move seismictoss dynamax\n>p1 move stoneedge\n>p2 move softboiled\n>p1 move stoneedge\n>p2 move softboiled\n>p1 move stoneedge\n>p2 move softboiled\n>p1 move stoneedge\n>p2 move softboiled\n>p1 move earthquake\n>p2 move seismictoss\n>p1 move earthquake\n>p2 move softboiled\n>p1 move earthquake\n>p2 move softboiled\n>p1 move earthquake\n>p2 move seismictoss\n>p1 switch 6\n>p1 move swordsdance\n>p2 move seismictoss\n>p1 move swordsdance\n>p2 move softboiled\n>p1 move swordsdance\n>p2 move seismictoss\n>p1 move superpower\n>p2 move seismictoss", "uploadtime": 1685387435, "views": 5, "p1id": "mikeyuwu", "p2id": "arthurnoob", "formatid": "gen8randombattle", "rating": 1194, "private": 0, "password": ""}