{"id": "gen8randombattle-1875060734", "p1": "La.hellhound", "p2": "jmaccrimmon", "format": "[Gen 8] Random Battle", "log": "|j|\u2606La.hellhound\n|j|\u2606jmaccrimmon\n|t:|1685564676\n|gametype|singles\n|player|p1|La.hellhound|bruno|1404\n|player|p2|jmaccrimmon|lance|1457\n|teamsize|p1|6\n|teamsize|p2|6\n|gen|8\n|tier|[Gen 8] Random Battle\n|rated|\n|rule|Species Clause: Limit one of each Pok\u00e9mon\n|rule|HP Percentage Mod: HP is shown in percentages\n|rule|Sleep Clause Mod: Limit one foe put to sleep\n|\n|t:|1685564676\n|start\n|switch|p1a: Mesprit|Mesprit, L84|272/272\n|switch|p2a: Sirfetch\u2019d|Sirfetch\u2019d, L82, M|236/236\n|turn|1\n|inactive|Battle timer is ON: inactive players will automatically lose when time's up. (requested by jmaccrimmon)\n|\n|t:|1685564693\n|move|p1a: Mesprit|Psychic|p2a: Sirfetch\u2019d\n|-supereffective|p2a: Sirfetch\u2019d\n|-damage|p2a: Sirfetch\u2019d|12/236\n|move|p2a: Sirfetch\u2019d|Knock Off|p1a: Mesprit\n|-supereffective|p1a: Mesprit\n|-damage|p1a: Mesprit|64/272\n|-enditem|p1a: Mesprit|Leftovers|[from] move: Knock Off|[of] p2a: Sirfetch\u2019d\n|-damage|p2a: Sirfetch\u2019d|0 fnt|[from] item: Life Orb\n|faint|p2a: Sirfetch\u2019d\n|\n|upkeep\n|\n|t:|1685564710\n|switch|p2a: Celebi|Celebi, L82|298/298\n|turn|2\n|inactive|La.hellhound has 120 seconds left.\n|inactive|La.hellhound has 90 seconds left.\n|\n|t:|1685564791\n|switch|p1a: Zarude|Zarude-Dada, L78|292/292\n|move|p2a: Celebi|Giga Drain|p1a: Zarude\n|-resisted|p1a: Zarude\n|-crit|p1a: Zarude\n|-damage|p1a: Zarude|232/292\n|\n|-heal|p1a: Zarude|250/292|[from] item: Leftovers\n|upkeep\n|turn|3\n|\n|t:|1685564802\n|switch|p2a: Vileplume|Vileplume, L84, F|263/263\n|move|p1a: Zarude|Bulk Up|p1a: Zarude\n|-boost|p1a: Zarude|atk|1\n|-boost|p1a: Zarude|def|1\n|\n|-heal|p1a: Zarude|268/292|[from] item: Leftovers\n|upkeep\n|turn|4\n|\n|t:|1685564812\n|switch|p1a: Cofagrigus|Cofagrigus, L86, M|240/240\n|move|p2a: Vileplume|Sludge Bomb|p1a: Cofagrigus\n|-resisted|p1a: Cofagrigus\n|-damage|p1a: Cofagrigus|196/240\n|\n|-heal|p1a: Cofagrigus|211/240|[from] item: Leftovers\n|upkeep\n|turn|5\n|\n|t:|1685564824\n|move|p2a: Vileplume|Strength Sap|p1a: Cofagrigus\n|-unboost|p1a: Cofagrigus|atk|1\n|move|p1a: Cofagrigus|Toxic Spikes|p2a: Vileplume\n|-sidestart|p2: jmaccrimmon|move: Toxic Spikes\n|\n|-heal|p1a: Cofagrigus|226/240|[from] item: Leftovers\n|upkeep\n|turn|6\n|\n|t:|1685564840\n|switch|p2a: Clawitzer|Clawitzer, L84, F|256/256\n|-status|p2a: Clawitzer|psn\n|move|p1a: Cofagrigus|Shadow Ball|p2a: Clawitzer\n|-damage|p2a: Clawitzer|172/256 psn\n|-unboost|p2a: Clawitzer|spd|1\n|\n|-heal|p1a: Cofagrigus|240/240|[from] item: Leftovers\n|-damage|p2a: Clawitzer|140/256 psn|[from] psn\n|upkeep\n|turn|7\n|\n|t:|1685564855\n|move|p2a: Clawitzer|Dark Pulse|p1a: Cofagrigus\n|-supereffective|p1a: Cofagrigus\n|-damage|p1a: Cofagrigus|4/240\n|move|p1a: Cofagrigus|Shadow Ball|p2a: Clawitzer\n|-damage|p2a: Clawitzer|13/256 psn\n|\n|-heal|p1a: Cofagrigus|19/240|[from] item: Leftovers\n|-damage|p2a: Clawitzer|0 fnt|[from] psn\n|faint|p2a: Clawitzer\n|upkeep\n|\n|t:|1685564865\n|switch|p2a: Vileplume|Vileplume, L84, F|263/263\n|-sideend|p2: jmaccrimmon|move: Toxic Spikes|[of] p2a: Vileplume\n|turn|8\n|\n|t:|1685564872\n|switch|p1a: Nidoking|Nidoking, L82, M|267/267\n|move|p2a: Vileplume|Sludge Bomb|p1a: Nidoking\n|-resisted|p1a: Nidoking\n|-damage|p1a: Nidoking|237/267\n|\n|upkeep\n|turn|9\n|inactive|La.hellhound has 90 seconds left.\n|\n|t:|1685564896\n|move|p1a: Nidoking|Substitute|p1a: Nidoking\n|-start|p1a: Nidoking|Substitute\n|-damage|p1a: Nidoking|171/267\n|move|p2a: Vileplume|Strength Sap||[still]\n|-fail|p2a: Vileplume\n|\n|upkeep\n|turn|10\n|inactive|La.hellhound has 90 seconds left.\n|\n|t:|1685564906\n|switch|p2a: Pincurchin|Pincurchin, L88, F|228/228\n|-fieldstart|move: Electric Terrain|[from] ability: Electric Surge|[of] p2a: Pincurchin\n|move|p1a: Nidoking|Ice Beam|p2a: Pincurchin\n|-damage|p2a: Pincurchin|132/228\n|\n|upkeep\n|turn|11\n|\n|t:|1685564917\n|move|p1a: Nidoking|Earth Power|p2a: Pincurchin\n|-supereffective|p2a: Pincurchin\n|-enditem|p2a: Pincurchin|Shuca Berry|[eat]\n|-enditem|p2a: Pincurchin|Shuca Berry|[weaken]\n|-damage|p2a: Pincurchin|0 fnt\n|faint|p2a: Pincurchin\n|\n|upkeep\n|\n|t:|1685564921\n|switch|p2a: Polteageist|Polteageist, L78|222/222\n|turn|12\n|\n|t:|1685564929\n|move|p1a: Nidoking|Ice Beam|p2a: Polteageist\n|-damage|p2a: Polteageist|135/222\n|move|p2a: Polteageist|Shell Smash|p2a: Polteageist\n|-unboost|p2a: Polteageist|def|1\n|-unboost|p2a: Polteageist|spd|1\n|-boost|p2a: Polteageist|atk|2\n|-boost|p2a: Polteageist|spa|2\n|-boost|p2a: Polteageist|spe|2\n|-enditem|p2a: Polteageist|White Herb\n|-clearnegativeboost|p2a: Polteageist|[silent]\n|\n|upkeep\n|turn|13\n|\n|t:|1685564941\n|move|p2a: Polteageist|Stored Power|p1a: Nidoking\n|-supereffective|p1a: Nidoking\n|-end|p1a: Nidoking|Substitute\n|move|p1a: Nidoking|Sludge Wave|p2a: Polteageist\n|-resisted|p2a: Polteageist\n|-damage|p2a: Polteageist|75/222\n|-start|p1a: Nidoking|Disable|Sludge Wave|[from] ability: Cursed Body|[of] p2a: Polteageist\n|\n|upkeep\n|turn|14\n|\n|t:|1685564953\n|switch|p1a: Zarude|Zarude-Dada, L78|268/292\n|move|p2a: Polteageist|Strength Sap|p1a: Zarude\n|-unboost|p1a: Zarude|atk|1\n|-heal|p2a: Polteageist|222/222\n|\n|-heal|p1a: Zarude|286/292|[from] item: Leftovers\n|-fieldend|move: Electric Terrain\n|upkeep\n|turn|15\n|\n|t:|1685564975\n|-start|p2a: Polteageist|Dynamax|\n|-heal|p2a: Polteageist|444/444|[silent]\n|move|p2a: Polteageist|Max Phantasm|p1a: Zarude\n|-resisted|p1a: Zarude\n|-damage|p1a: Zarude|139/292\n|-unboost|p1a: Zarude|def|1\n|move|p1a: Zarude|Bulk Up|p1a: Zarude\n|-boost|p1a: Zarude|atk|1\n|-boost|p1a: Zarude|def|1\n|\n|-heal|p1a: Zarude|157/292|[from] item: Leftovers\n|upkeep\n|turn|16\n|\n|t:|1685564990\n|-start|p1a: Zarude|Dynamax|\n|-heal|p1a: Zarude|314/584|[silent]\n|move|p1a: Zarude|Max Guard|p1a: Zarude\n|-singleturn|p1a: Zarude|Max Guard\n|move|p2a: Polteageist|Max Phantasm|p1a: Zarude\n|-activate|p1a: Zarude|move: Max Guard\n|\n|-heal|p1a: Zarude|332/584|[from] item: Leftovers\n|upkeep\n|turn|17\n|\n|t:|1685565000\n|move|p2a: Polteageist|Max Phantasm|p1a: Zarude\n|-resisted|p1a: Zarude\n|-damage|p1a: Zarude|188/584\n|-unboost|p1a: Zarude|def|1\n|move|p1a: Zarude|Max Darkness|p2a: Polteageist\n|-supereffective|p2a: Polteageist\n|-damage|p2a: Polteageist|70/444\n|-unboost|p2a: Polteageist|spd|1\n|\n|-heal|p1a: Zarude|206/584|[from] item: Leftovers\n|upkeep\n|-end|p2a: Polteageist|Dynamax\n|-heal|p2a: Polteageist|35/222|[silent]\n|turn|18\n|\n|t:|1685565022\n|move|p2a: Polteageist|Strength Sap|p1a: Zarude\n|-unboost|p1a: Zarude|atk|1\n|-heal|p2a: Polteageist|222/222\n|move|p1a: Zarude|Max Overgrowth|p2a: Polteageist\n|-damage|p2a: Polteageist|93/222\n|-fieldstart|move: Grassy Terrain\n|\n|-heal|p2a: Polteageist|106/222|[from] Grassy Terrain\n|-heal|p1a: Zarude|224/584|[from] Grassy Terrain\n|-heal|p1a: Zarude|242/584|[from] item: Leftovers\n|upkeep\n|-end|p1a: Zarude|Dynamax\n|-heal|p1a: Zarude|121/292|[silent]\n|turn|19\n|inactive|La.hellhound has 90 seconds left.\n|\n|t:|1685565038\n|move|p2a: Polteageist|Strength Sap|p1a: Zarude\n|-unboost|p1a: Zarude|atk|1\n|-heal|p2a: Polteageist|222/222\n|move|p1a: Zarude|Jungle Healing|p1a: Zarude\n|-heal|p1a: Zarude|194/292\n|\n|-heal|p1a: Zarude|212/292|[from] Grassy Terrain\n|-heal|p1a: Zarude|230/292|[from] item: Leftovers\n|upkeep\n|turn|20\n|inactive|La.hellhound has 90 seconds left.\n|\n|t:|1685565049\n|switch|p1a: Porygon-Z|Porygon-Z, L80|267/267\n|-ability|p1a: Porygon-Z|Download|boost\n|-boost|p1a: Porygon-Z|atk|1\n|move|p2a: Polteageist|Shadow Ball|p1a: Porygon-Z\n|-immune|p1a: Porygon-Z\n|\n|upkeep\n|turn|21\n|\n|t:|1685565057\n|switch|p1a: Zarude|Zarude-Dada, L78|230/292\n|move|p2a: Polteageist|Stored Power|p1a: Zarude\n|-immune|p1a: Zarude\n|\n|-heal|p1a: Zarude|248/292|[from] Grassy Terrain\n|-heal|p1a: Zarude|266/292|[from] item: Leftovers\n|upkeep\n|turn|22\n|\n|t:|1685565069\n|move|p2a: Polteageist|Shadow Ball|p1a: Zarude\n|-resisted|p1a: Zarude\n|-crit|p1a: Zarude\n|-damage|p1a: Zarude|130/292\n|move|p1a: Zarude|Darkest Lariat|p2a: Polteageist\n|-supereffective|p2a: Polteageist\n|-damage|p2a: Polteageist|0 fnt\n|faint|p2a: Polteageist\n|\n|-heal|p1a: Zarude|148/292|[from] Grassy Terrain\n|-heal|p1a: Zarude|166/292|[from] item: Leftovers\n|-fieldend|move: Grassy Terrain\n|upkeep\n|\n|t:|1685565075\n|switch|p2a: Vileplume|Vileplume, L84, F|263/263\n|turn|23\n|\n|t:|1685565084\n|switch|p1a: Nidoking|Nidoking, L82, M|171/267\n|move|p2a: Vileplume|Sludge Bomb|p1a: Nidoking\n|-resisted|p1a: Nidoking\n|-damage|p1a: Nidoking|143/267\n|\n|upkeep\n|turn|24\n|\n|t:|1685565091\n|switch|p2a: Celebi|Celebi, L82|298/298\n|move|p1a: Nidoking|Ice Beam|p2a: Celebi\n|-supereffective|p2a: Celebi\n|-damage|p2a: Celebi|139/298\n|\n|-heal|p2a: Celebi|157/298|[from] item: Leftovers\n|upkeep\n|turn|25\n|\n|t:|1685565102\n|switch|p1a: Zarude|Zarude-Dada, L78|166/292\n|move|p2a: Celebi|Psychic|p1a: Zarude\n|-immune|p1a: Zarude\n|\n|-heal|p2a: Celebi|175/298|[from] item: Leftovers\n|-heal|p1a: Zarude|184/292|[from] item: Leftovers\n|upkeep\n|turn|26\n|-message|jmaccrimmon forfeited.\n|\n|win|La.hellhound\n|raw|La.hellhound's rating: 1404 &rarr; <strong>1427</strong><br />(+23 for winning)\n|raw|jmaccrimmon's rating: 1457 &rarr; <strong>1434</strong><br />(-23 for losing)\n|l|\u2606jmaccrimmon\n", "inputlog": ">version df10212e8bfdc37bcabc8b288b8d2f3885a507ef\n>start {\"formatid\":\"gen8randombattle\",\"seed\":[47302,25227,62414,31458],\"rated\":\"Rated battle\"}\n>player p1 {\"name\":\"La.hellhound\",\"avatar\":\"bruno\",\"rating\":1404,\"seed\":[20886,38730,12161,23587]}\n>player p2 {\"name\":\"jmaccrimmon\",\"avatar\":\"lance\",\"rating\":1457,\"seed\":[61211,13976,59762,20739]}\n>p1 move psychic\n>p2 move knockoff\n>p2 switch 6\n>p1 switch 5\n>p2 move gigadrain\n>p1 move bulkup\n>p2 switch 3\n>p1 switch 2\n>p2 move sludgebomb\n>p1 move toxicspikes\n>p2 move strengthsap\n>p1 move shadowball\n>p2 switch 4\n>p1 move shadowball\n>p2 move darkpulse\n>p2 switch 4\n>p1 switch 6\n>p2 move sludgebomb\n>p1 move substitute\n>p2 move strengthsap\n>p1 move icebeam\n>p2 switch 5\n>p1 move earthpower\n>p2 move scald\n>p2 switch 2\n>p1 move icebeam\n>p2 move shellsmash\n>p1 move sludgewave\n>p2 move storedpower\n>p1 switch 2\n>p2 move strengthsap\n>p1 move bulkup\n>p2 move shadowball dynamax\n>p1 move bulkup dynamax\n>p2 move shadowball dynamax\n>p1 move darkestlariat dynamax\n>p2 move shadowball dynamax\n>p1 move powerwhip dynamax\n>p2 move strengthsap\n>p1 move junglehealing\n>p2 move strengthsap\n>p1 switch 4\n>p2 move shadowball\n>p1 switch 4\n>p2 move storedpower\n>p1 move darkestlariat\n>p2 move shadowball\n>p2 switch 5\n>p1 switch 2\n>p2 move sludgebomb\n>p1 move icebeam\n>p2 switch 3\n>p1 switch 2\n>p2 move psychic\n>forcelose p2", "uploadtime": 1685565112, "views": 4, "p1id": "lahellhound", "p2id": "jmaccrimmon", "formatid": "gen8randombattle", "rating": 1427, "private": 0, "password": ""}