{"id": "gen8randombattle-1871582164", "p1": "gareeb adani", "p2": "Teezyweezy", "format": "[Gen 8] Random Battle", "log": "|j|\u2606gareeb adani\n|j|\u2606Teezyweezy\n|t:|1685109384\n|gametype|singles\n|player|p1|gareeb adani|101|1471\n|player|p2|Teezyweezy|101|1305\n|teamsize|p1|6\n|teamsize|p2|6\n|gen|8\n|tier|[Gen 8] Random Battle\n|rated|\n|rule|Species Clause: Limit one of each Pok\u00e9mon\n|rule|HP Percentage Mod: HP is shown in percentages\n|rule|Sleep Clause Mod: Limit one foe put to sleep\n|\n|t:|1685109384\n|start\n|switch|p1a: Cobalion|Cobalion, L78|270/270\n|switch|p2a: Glastrier|Glastrier, L82|298/298\n|turn|1\n|inactive|Battle timer is ON: inactive players will automatically lose when time's up. (requested by Teezyweezy)\n|\n|t:|1685109406\n|switch|p2a: Incineroar|Incineroar, L80, M|283/283\n|-ability|p2a: Incineroar|Intimidate|boost\n|-unboost|p1a: Cobalion|atk|1\n|move|p1a: Cobalion|Swords Dance|p1a: Cobalion\n|-boost|p1a: Cobalion|atk|2\n|\n|upkeep\n|turn|2\n|inactive|gareeb adani has 120 seconds left.\n|\n|t:|1685109437\n|move|p1a: Cobalion|Close Combat|p2a: Incineroar\n|-supereffective|p2a: Incineroar\n|-damage|p2a: Incineroar|0 fnt\n|-unboost|p1a: Cobalion|def|1\n|-unboost|p1a: Cobalion|spd|1\n|faint|p2a: Incineroar\n|\n|upkeep\n|\n|t:|1685109452\n|switch|p2a: Rotom|Rotom, L84|221/221\n|turn|3\n|\n|t:|1685109461\n|move|p1a: Cobalion|Stone Edge|p2a: Rotom\n|-damage|p2a: Rotom|130/221\n|move|p2a: Rotom|Will-O-Wisp|p1a: Cobalion\n|-status|p1a: Cobalion|brn\n|-enditem|p1a: Cobalion|Lum Berry|[eat]\n|-curestatus|p1a: Cobalion|brn|[msg]\n|\n|-heal|p2a: Rotom|143/221|[from] item: Leftovers\n|upkeep\n|turn|4\n|\n|t:|1685109468\n|switch|p1a: Heatmor|Heatmor, L90, F|299/299\n|move|p2a: Rotom|Will-O-Wisp|p1a: Heatmor\n|-start|p1a: Heatmor|ability: Flash Fire\n|\n|-heal|p2a: Rotom|156/221|[from] item: Leftovers\n|upkeep\n|turn|5\n|\n|t:|1685109475\n|switch|p2a: Landorus|Landorus, L76, M|260/260\n|move|p1a: Heatmor|Substitute|p1a: Heatmor\n|-start|p1a: Heatmor|Substitute\n|-damage|p1a: Heatmor|225/299\n|\n|upkeep\n|turn|6\n|\n|t:|1685109487\n|move|p2a: Landorus|Earth Power|p1a: Heatmor\n|-supereffective|p1a: Heatmor\n|-end|p1a: Heatmor|Substitute\n|move|p1a: Heatmor|Fire Lash|p2a: Landorus\n|-damage|p2a: Landorus|115/260\n|-unboost|p2a: Landorus|def|1\n|\n|upkeep\n|turn|7\n|\n|t:|1685109494\n|-end|p1a: Heatmor|ability: Flash Fire|[silent]\n|switch|p1a: Audino|Audino, L91, M|335/335\n|move|p2a: Landorus|Earth Power|p1a: Audino\n|-damage|p1a: Audino|202/335\n|\n|-heal|p1a: Audino|222/335|[from] item: Leftovers\n|upkeep\n|turn|8\n|\n|t:|1685109502\n|switch|p2a: Glastrier|Glastrier, L82|298/298\n|move|p1a: Audino|Knock Off|p2a: Glastrier\n|-damage|p2a: Glastrier|253/298\n|-enditem|p2a: Glastrier|Heavy-Duty Boots|[from] move: Knock Off|[of] p1a: Audino\n|\n|-heal|p1a: Audino|242/335|[from] item: Leftovers\n|upkeep\n|turn|9\n|\n|t:|1685109508\n|move|p1a: Audino|Wish|p1a: Audino\n|move|p2a: Glastrier|Close Combat|p1a: Audino\n|-supereffective|p1a: Audino\n|-damage|p1a: Audino|46/335\n|-unboost|p2a: Glastrier|def|1\n|-unboost|p2a: Glastrier|spd|1\n|\n|-heal|p1a: Audino|66/335|[from] item: Leftovers\n|upkeep\n|turn|10\n|\n|t:|1685109518\n|move|p1a: Audino|Protect|p1a: Audino\n|-singleturn|p1a: Audino|Protect\n|move|p2a: Glastrier|Swords Dance|p2a: Glastrier\n|-boost|p2a: Glastrier|atk|2\n|\n|-heal|p1a: Audino|233/335|[from] move: Wish|[wisher] Audino\n|-heal|p1a: Audino|253/335|[from] item: Leftovers\n|upkeep\n|turn|11\n|\n|t:|1685109522\n|switch|p1a: Heatmor|Heatmor, L90, F|225/299\n|move|p2a: Glastrier|Close Combat|p1a: Heatmor\n|-damage|p1a: Heatmor|0 fnt\n|-unboost|p2a: Glastrier|def|1\n|-unboost|p2a: Glastrier|spd|1\n|faint|p1a: Heatmor\n|-ability|p2a: Glastrier|Chilling Neigh|boost\n|-boost|p2a: Glastrier|atk|1\n|\n|upkeep\n|\n|t:|1685109528\n|switch|p1a: Cobalion|Cobalion, L78|270/270\n|turn|12\n|\n|t:|1685109532\n|move|p1a: Cobalion|Iron Head|p2a: Glastrier\n|-supereffective|p2a: Glastrier\n|-damage|p2a: Glastrier|25/298\n|move|p2a: Glastrier|Close Combat|p1a: Cobalion\n|-supereffective|p1a: Cobalion\n|-damage|p1a: Cobalion|0 fnt\n|-unboost|p2a: Glastrier|def|1\n|-unboost|p2a: Glastrier|spd|1\n|faint|p1a: Cobalion\n|-ability|p2a: Glastrier|Chilling Neigh|boost\n|-boost|p2a: Glastrier|atk|1\n|\n|upkeep\n|\n|t:|1685109554\n|switch|p1a: Audino|Audino, L91, M|335/335\n|turn|13\n|\n|t:|1685109557\n|move|p1a: Audino|Knock Off|p2a: Glastrier\n|-damage|p2a: Glastrier|0 fnt\n|faint|p2a: Glastrier\n|\n|upkeep\n|\n|t:|1685109564\n|switch|p2a: Maractus|Maractus, L95, F|296/296\n|turn|14\n|\n|t:|1685109576\n|move|p2a: Maractus|Leech Seed|p1a: Audino\n|-start|p1a: Audino|move: Leech Seed\n|move|p1a: Audino|Wish|p1a: Audino\n|\n|-damage|p1a: Audino|294/335|[from] Leech Seed|[of] p2a: Maractus\n|upkeep\n|turn|15\n|\n|t:|1685109582\n|switch|p1a: Drapion|Drapion, L82, M|249/249\n|move|p2a: Maractus|Energy Ball|p1a: Drapion\n|-resisted|p1a: Drapion\n|-damage|p1a: Drapion|177/249\n|\n|-heal|p1a: Drapion|249/249|[from] move: Wish|[wisher] Audino\n|upkeep\n|turn|16\n|\n|t:|1685109591\n|switch|p2a: Togedemaru|Togedemaru, L86, F|252/252\n|move|p1a: Drapion|Swords Dance|p1a: Drapion\n|-boost|p1a: Drapion|atk|2\n|\n|upkeep\n|turn|17\n|\n|t:|1685109597\n|move|p2a: Togedemaru|Iron Head|p1a: Drapion\n|-damage|p1a: Drapion|176/249\n|cant|p1a: Drapion|flinch\n|\n|upkeep\n|turn|18\n|\n|t:|1685109612\n|switch|p2a: Rotom|Rotom, L84|156/221\n|move|p1a: Drapion|Earthquake|p2a: Rotom\n|-immune|p2a: Rotom|[from] ability: Levitate\n|\n|-heal|p2a: Rotom|169/221|[from] item: Leftovers\n|upkeep\n|turn|19\n|\n|t:|1685109619\n|move|p1a: Drapion|Knock Off|p2a: Rotom\n|-supereffective|p2a: Rotom\n|-damage|p2a: Rotom|0 fnt\n|-enditem|p2a: Rotom|Leftovers|[from] move: Knock Off|[of] p1a: Drapion\n|faint|p2a: Rotom\n|-damage|p1a: Drapion|152/249|[from] item: Life Orb\n|\n|upkeep\n|\n|t:|1685109621\n|switch|p2a: Landorus|Landorus, L76, M|115/260\n|turn|20\n|\n|t:|1685109624\n|move|p1a: Drapion|Knock Off|p2a: Landorus\n|-damage|p2a: Landorus|0 fnt\n|-enditem|p2a: Landorus|Life Orb|[from] move: Knock Off|[of] p1a: Drapion\n|faint|p2a: Landorus\n|-damage|p1a: Drapion|128/249|[from] item: Life Orb\n|\n|upkeep\n|-message|Teezyweezy forfeited.\n|\n|win|gareeb adani\n|raw|gareeb adani's rating: 1471 &rarr; <strong>1482</strong><br />(+11 for winning)\n|raw|Teezyweezy's rating: 1305 &rarr; <strong>1294</strong><br />(-11 for losing)\n|l|\u2606Teezyweezy\n", "inputlog": ">version 61c68e60481ef09071210320730fc448fef50368\n>start {\"formatid\":\"gen8randombattle\",\"seed\":[61711,28001,13268,48826],\"rated\":\"Rated battle\"}\n>player p1 {\"name\":\"gareeb adani\",\"avatar\":\"101\",\"rating\":1471,\"seed\":[32436,4789,27611,30785]}\n>player p2 {\"name\":\"Teezyweezy\",\"avatar\":\"101\",\"rating\":1305,\"seed\":[26966,16744,22892,41335]}\n>p1 move swordsdance\n>p2 switch 2\n>p1 move closecombat\n>p2 move flareblitz\n>p2 switch 3\n>p1 move stoneedge\n>p2 move willowisp\n>p1 switch 6\n>p2 move willowisp\n>p1 move substitute\n>p2 switch 5\n>p1 move firelash\n>p2 move earthpower\n>p1 switch 2\n>p2 move earthpower\n>p1 move knockoff\n>p2 switch 2\n>p1 move wish\n>p2 move closecombat\n>p1 move protect\n>p2 move swordsdance\n>p1 switch 2\n>p2 move closecombat\n>p1 switch 6\n>p1 move ironhead\n>p2 move closecombat\n>p1 switch 2\n>p1 move knockoff\n>p2 move closecombat\n>p2 switch 4\n>p1 move wish\n>p2 move leechseed\n>p1 switch 3\n>p2 move energyball\n>p1 move swordsdance\n>p2 switch 6\n>p1 move earthquake\n>p2 move ironhead\n>p1 move earthquake\n>p2 switch 5\n>p1 move knockoff\n>p2 move willowisp\n>p2 switch 2\n>p1 move knockoff\n>p2 move earthpower\n>forcelose p2", "uploadtime": 1685109630, "views": 3, "p1id": "gareebadani", "p2id": "teezyweezy", "formatid": "gen8randombattle", "rating": 1294, "private": 0, "password": ""}