|j|☆ThisCatzin
|j|☆MeninoNery
|t:|1685382856
|gametype|singles
|player|p1|ThisCatzin|169|
|player|p2|MeninoNery|volkner|
|teamsize|p1|6
|teamsize|p2|6
|gen|8
|tier|[Gen 8] Random Battle
|rule|Species Clause: Limit one of each Pokémon
|rule|HP Percentage Mod: HP is shown in percentages
|rule|Sleep Clause Mod: Limit one foe put to sleep
|
|t:|1685382856
|start
|switch|p1a: Wobbuffet|Wobbuffet, L92, F|499/499
|switch|p2a: Gigalith|Gigalith, L82, F|274/274
|-weather|Sandstorm|[from] ability: Sand Stream|[of] p2a: Gigalith
|turn|1
|l|☆ThisCatzin
|player|p1|
|j|☆ThisCatzin
|player|p1|ThisCatzin|169
|
|t:|1685382905
|move|p1a: Wobbuffet|Encore||[still]
|-fail|p1a: Wobbuffet
|move|p2a: Gigalith|Stealth Rock|p1a: Wobbuffet
|-sidestart|p1: ThisCatzin|move: Stealth Rock
|
|-weather|Sandstorm|[upkeep]
|-damage|p1a: Wobbuffet|468/499|[from] Sandstorm
|upkeep
|turn|2
|
|t:|1685382919
|move|p1a: Wobbuffet|Encore|p2a: Gigalith
|-start|p2a: Gigalith|Encore
|move|p2a: Gigalith|Stealth Rock||[still]
|-fail|p2a: Gigalith
|
|-weather|Sandstorm|[upkeep]
|-damage|p1a: Wobbuffet|437/499|[from] Sandstorm
|upkeep
|turn|3
|
|t:|1685382932
|move|p1a: Wobbuffet|Charm|p2a: Gigalith
|-unboost|p2a: Gigalith|atk|2
|move|p2a: Gigalith|Stealth Rock||[still]
|-fail|p2a: Gigalith
|
|-weather|Sandstorm|[upkeep]
|-damage|p1a: Wobbuffet|406/499|[from] Sandstorm
|upkeep
|turn|4
|
|t:|1685382961
|-start|p2a: Gigalith|Dynamax|
|-heal|p2a: Gigalith|548/548|[silent]
|move|p2a: Gigalith|Max Strike|p1a: Wobbuffet
|-damage|p1a: Wobbuffet|323/499
|-unboost|p1a: Wobbuffet|spe|1
|move|p1a: Wobbuffet|Mirror Coat||[still]
|-fail|p1a: Wobbuffet
|
|-weather|Sandstorm|[upkeep]
|-damage|p1a: Wobbuffet|292/499|[from] Sandstorm
|-end|p2a: Gigalith|Encore
|upkeep
|turn|5
|
|t:|1685382975
|move|p2a: Gigalith|Max Rockfall|p1a: Wobbuffet
|-damage|p1a: Wobbuffet|184/499
|-enditem|p1a: Wobbuffet|Sitrus Berry|[eat]
|-heal|p1a: Wobbuffet|308/499|[from] item: Sitrus Berry
|move|p1a: Wobbuffet|Counter|p2a: Gigalith
|-damage|p2a: Gigalith|332/548
|
|-weather|none
|-heal|p2a: Gigalith|349/548|[from] item: Leftovers
|upkeep
|turn|6
|
|t:|1685382989
|move|p2a: Gigalith|Max Strike|p1a: Wobbuffet
|-damage|p1a: Wobbuffet|224/499
|-unboost|p1a: Wobbuffet|spe|1
|move|p1a: Wobbuffet|Counter|p2a: Gigalith
|-damage|p2a: Gigalith|181/548
|
|-heal|p2a: Gigalith|198/548|[from] item: Leftovers
|upkeep
|-end|p2a: Gigalith|Dynamax
|-heal|p2a: Gigalith|99/274|[silent]
|turn|7
|
|t:|1685383008
|move|p2a: Gigalith|Explosion|p1a: Wobbuffet
|-damage|p1a: Wobbuffet|91/499
|faint|p2a: Gigalith
|move|p1a: Wobbuffet|Counter|p2: Gigalith|[notarget]
|-fail|p1a: Wobbuffet
|
|upkeep
|
|t:|1685383019
|switch|p2a: Absol|Absol, L84, F|246/246
|turn|8
|
|t:|1685383032
|move|p2a: Absol|Swords Dance|p2a: Absol
|-boost|p2a: Absol|atk|2
|move|p1a: Wobbuffet|Charm|p2a: Absol
|-unboost|p2a: Absol|atk|2
|
|upkeep
|turn|9
|
|t:|1685383043
|move|p2a: Absol|Swords Dance|p2a: Absol
|-boost|p2a: Absol|atk|2
|move|p1a: Wobbuffet|Encore|p2a: Absol
|-start|p2a: Absol|Encore
|
|upkeep
|turn|10
|
|t:|1685383061
|switch|p1a: Druddigon|Druddigon, L84, F|267/267
|-damage|p1a: Druddigon|234/267|[from] Stealth Rock
|-ability|p1a: Druddigon|Mold Breaker
|move|p2a: Absol|Swords Dance|p2a: Absol
|-boost|p2a: Absol|atk|2
|
|upkeep
|turn|11
|
|t:|1685383076
|move|p2a: Absol|Swords Dance|p2a: Absol
|-boost|p2a: Absol|atk|2
|move|p1a: Druddigon|Superpower|p2a: Absol
|-supereffective|p2a: Absol
|-damage|p2a: Absol|0 fnt
|-unboost|p1a: Druddigon|atk|1
|-unboost|p1a: Druddigon|def|1
|faint|p2a: Absol
|-damage|p1a: Druddigon|208/267|[from] item: Life Orb
|
|upkeep
|
|t:|1685383088
|switch|p2a: Comfey|Comfey, L86, M|228/228
|turn|12
|
|t:|1685383097
|switch|p1a: Wobbuffet|Wobbuffet, L92, F|91/499
|-damage|p1a: Wobbuffet|29/499|[from] Stealth Rock
|move|p2a: Comfey|Draining Kiss|p1a: Wobbuffet
|-crit|p1a: Wobbuffet
|-damage|p1a: Wobbuffet|0 fnt
|faint|p1a: Wobbuffet
|
|upkeep
|
|t:|1685383121
|switch|p1a: Frosmoth|Frosmoth, L82, M|249/249
|turn|13
|
|t:|1685383131
|move|p2a: Comfey|Draining Kiss|p1a: Frosmoth
|-damage|p1a: Frosmoth|215/249
|move|p1a: Frosmoth|Quiver Dance|p1a: Frosmoth
|-boost|p1a: Frosmoth|spa|1
|-boost|p1a: Frosmoth|spd|1
|-boost|p1a: Frosmoth|spe|1
|
|upkeep
|turn|14
|
|t:|1685383141
|move|p2a: Comfey|Draining Kiss|p1a: Frosmoth
|-damage|p1a: Frosmoth|188/249
|move|p1a: Frosmoth|Bug Buzz|p2a: Comfey
|-resisted|p2a: Comfey
|-damage|p2a: Comfey|157/228
|
|upkeep
|turn|15
|
|t:|1685383152
|move|p2a: Comfey|Draining Kiss|p1a: Frosmoth
|-damage|p1a: Frosmoth|162/249
|-heal|p2a: Comfey|177/228|[from] drain|[of] p1a: Frosmoth
|move|p1a: Frosmoth|Quiver Dance|p1a: Frosmoth
|-boost|p1a: Frosmoth|spa|1
|-boost|p1a: Frosmoth|spd|1
|-boost|p1a: Frosmoth|spe|1
|
|upkeep
|turn|16
|
|t:|1685383167
|move|p2a: Comfey|Draining Kiss|p1a: Frosmoth
|-damage|p1a: Frosmoth|144/249
|-heal|p2a: Comfey|191/228|[from] drain|[of] p1a: Frosmoth
|move|p1a: Frosmoth|Ice Beam|p2a: Comfey
|-damage|p2a: Comfey|0 fnt
|faint|p2a: Comfey
|
|upkeep
|
|t:|1685383191
|switch|p2a: Unfezant|Unfezant, L84, M|271/271
|turn|17
|
|t:|1685383198
|move|p1a: Frosmoth|Ice Beam|p2a: Unfezant
|-supereffective|p2a: Unfezant
|-damage|p2a: Unfezant|0 fnt
|faint|p2a: Unfezant
|
|upkeep
|
|t:|1685383203
|switch|p2a: Ferrothorn|Ferrothorn, L78, M|244/244
|turn|18
|
|t:|1685383212
|move|p1a: Frosmoth|Ice Beam|p2a: Ferrothorn
|-damage|p2a: Ferrothorn|64/244
|move|p2a: Ferrothorn|Power Whip|p1a: Frosmoth
|-resisted|p1a: Frosmoth
|-damage|p1a: Frosmoth|69/249
|
|-heal|p2a: Ferrothorn|79/244|[from] item: Leftovers
|upkeep
|turn|19
|
|t:|1685383223
|move|p1a: Frosmoth|Ice Beam|p2a: Ferrothorn
|-damage|p2a: Ferrothorn|0 fnt
|faint|p2a: Ferrothorn
|
|upkeep
|
|t:|1685383230
|switch|p2a: Espeon|Espeon, L82, F|241/241
|turn|20
|
|t:|1685383241
|move|p1a: Frosmoth|Bug Buzz|p2a: Espeon
|-supereffective|p2a: Espeon
|-damage|p2a: Espeon|0 fnt
|faint|p2a: Espeon
|
|win|ThisCatzin
|l|☆MeninoNery
