{"id": "gen8randombattle-1861788476", "p1": "MateoV2.6", "p2": "Kazik007", "format": "[Gen 8] Random Battle", "log": "|j|\u2606MateoV2.6\n|j|\u2606Kazik007\n|t:|1683808747\n|gametype|singles\n|player|p1|MateoV2.6|chili|\n|player|p2|Kazik007|1|\n|teamsize|p1|6\n|teamsize|p2|6\n|gen|8\n|tier|[Gen 8] Random Battle\n|rule|Species Clause: Limit one of each Pok\u00e9mon\n|rule|HP Percentage Mod: HP is shown in percentages\n|rule|Sleep Clause Mod: Limit one foe put to sleep\n|\n|t:|1683808747\n|start\n|switch|p1a: Maractus|Maractus, L95, M|296/296\n|switch|p2a: Poliwrath|Poliwrath, L84, F|288/288\n|turn|1\n|\n|t:|1683808761\n|move|p1a: Maractus|Spiky Shield|p1a: Maractus\n|-singleturn|p1a: Maractus|move: Protect\n|move|p2a: Poliwrath|Liquidation|p1a: Maractus\n|-activate|p1a: Maractus|move: Protect\n|-damage|p2a: Poliwrath|252/288|[from] Spiky Shield|[of] p1a: Maractus\n|\n|upkeep\n|turn|2\n|\n|t:|1683808770\n|move|p1a: Maractus|Leech Seed|p2a: Poliwrath\n|-start|p2a: Poliwrath|move: Leech Seed\n|move|p2a: Poliwrath|Rain Dance|p2a: Poliwrath\n|-weather|RainDance\n|\n|-weather|RainDance|[upkeep]\n|-damage|p2a: Poliwrath|216/288|[from] Leech Seed|[of] p1a: Maractus\n|upkeep\n|turn|3\n|\n|t:|1683808783\n|move|p2a: Poliwrath|Darkest Lariat|p1a: Maractus\n|-damage|p1a: Maractus|212/296\n|-damage|p2a: Poliwrath|188/288|[from] item: Life Orb\n|move|p1a: Maractus|Energy Ball|p2a: Poliwrath\n|-supereffective|p2a: Poliwrath\n|-damage|p2a: Poliwrath|0 fnt\n|faint|p2a: Poliwrath\n|\n|-weather|RainDance|[upkeep]\n|upkeep\n|\n|t:|1683808789\n|switch|p2a: Zapdos|Zapdos, L78|268/268\n|turn|4\n|\n|t:|1683808793\n|move|p2a: Zapdos|Discharge|p1a: Maractus\n|-resisted|p1a: Maractus\n|-damage|p1a: Maractus|161/296\n|-status|p1a: Maractus|par\n|move|p1a: Maractus|Toxic|p2a: Zapdos\n|-status|p2a: Zapdos|tox\n|\n|-weather|RainDance|[upkeep]\n|-damage|p2a: Zapdos|252/268 tox|[from] psn\n|upkeep\n|turn|5\n|\n|t:|1683808798\n|move|p1a: Maractus|Spiky Shield|p1a: Maractus\n|-singleturn|p1a: Maractus|move: Protect\n|move|p2a: Zapdos|Heat Wave|p1a: Maractus\n|-activate|p1a: Maractus|move: Protect\n|\n|-weather|RainDance|[upkeep]\n|-damage|p2a: Zapdos|220/268 tox|[from] psn\n|upkeep\n|turn|6\n|\n|t:|1683808810\n|switch|p1a: Groudon|Groudon, L73|266/266\n|-weather|SunnyDay|[from] ability: Drought|[of] p1a: Groudon\n|move|p2a: Zapdos|Heat Wave|p1a: Groudon\n|-damage|p1a: Groudon|148/266\n|\n|-weather|SunnyDay|[upkeep]\n|-damage|p2a: Zapdos|172/268 tox|[from] psn\n|upkeep\n|turn|7\n|\n|t:|1683808824\n|move|p2a: Zapdos|Heat Wave|p1a: Groudon\n|-damage|p1a: Groudon|30/266\n|move|p1a: Groudon|Stone Edge|p2a: Zapdos\n|-supereffective|p2a: Zapdos\n|-damage|p2a: Zapdos|0 fnt\n|faint|p2a: Zapdos\n|\n|-weather|SunnyDay|[upkeep]\n|upkeep\n|\n|t:|1683808828\n|switch|p2a: Weezing|Weezing, L86, M|252/252\n|-ability|p2a: Weezing|Neutralizing Gas\n|turn|8\n|\n|t:|1683808836\n|move|p1a: Groudon|Stone Edge|p2a: Weezing\n|-damage|p2a: Weezing|164/252\n|move|p2a: Weezing|Fire Blast|p1a: Groudon\n|-damage|p1a: Groudon|0 fnt\n|faint|p1a: Groudon\n|\n|-weather|SunnyDay|[upkeep]\n|-heal|p2a: Weezing|179/252|[from] item: Black Sludge\n|upkeep\n|\n|t:|1683808853\n|switch|p1a: Ninetales|Ninetales-Alola, L79, M|245/245\n|turn|9\n|\n|t:|1683808864\n|move|p1a: Ninetales|Freeze-Dry|p2a: Weezing\n|-damage|p2a: Weezing|116/252\n|move|p2a: Weezing|Fire Blast|p1a: Ninetales\n|-supereffective|p1a: Ninetales\n|-damage|p1a: Ninetales|27/245\n|\n|-weather|SunnyDay|[upkeep]\n|-heal|p2a: Weezing|131/252|[from] item: Black Sludge\n|upkeep\n|turn|10\n|\n|t:|1683808876\n|move|p1a: Ninetales|Freeze-Dry|p2a: Weezing\n|-crit|p2a: Weezing\n|-damage|p2a: Weezing|38/252\n|move|p2a: Weezing|Fire Blast|p1a: Ninetales\n|-supereffective|p1a: Ninetales\n|-damage|p1a: Ninetales|0 fnt\n|faint|p1a: Ninetales\n|\n|-weather|none\n|-heal|p2a: Weezing|53/252|[from] item: Black Sludge\n|upkeep\n|\n|t:|1683808882\n|switch|p1a: Chansey|Chansey, L84, F|557/557\n|turn|11\n|\n|t:|1683808888\n|move|p2a: Weezing|Fire Blast|p1a: Chansey\n|-damage|p1a: Chansey|517/557\n|move|p1a: Chansey|Seismic Toss|p2a: Weezing\n|-damage|p2a: Weezing|0 fnt\n|faint|p2a: Weezing\n|-end|p2a: Weezing|ability: Neutralizing Gas\n|\n|upkeep\n|\n|t:|1683808896\n|switch|p2a: Cloyster|Cloyster, L80, M|211/211\n|turn|12\n|\n|t:|1683808901\n|move|p2a: Cloyster|Explosion|p1a: Chansey\n|-damage|p1a: Chansey|131/557\n|faint|p2a: Cloyster\n|move|p1a: Chansey|Toxic|p2: Cloyster|[notarget]\n|-fail|p1a: Chansey\n|\n|upkeep\n|\n|t:|1683808905\n|switch|p2a: Avalugg|Avalugg, L86, M|303/303\n|turn|13\n|\n|t:|1683808911\n|move|p1a: Chansey|Soft-Boiled|p1a: Chansey\n|-heal|p1a: Chansey|410/557\n|move|p2a: Avalugg|Avalanche|p1a: Chansey\n|-damage|p1a: Chansey|223/557\n|\n|upkeep\n|turn|14\n|\n|t:|1683808917\n|move|p1a: Chansey|Soft-Boiled|p1a: Chansey\n|-heal|p1a: Chansey|502/557\n|move|p2a: Avalugg|Body Press|p1a: Chansey\n|-supereffective|p1a: Chansey\n|-damage|p1a: Chansey|22/557\n|\n|upkeep\n|turn|15\n|\n|t:|1683808924\n|move|p1a: Chansey|Seismic Toss|p2a: Avalugg\n|-damage|p2a: Avalugg|219/303\n|move|p2a: Avalugg|Recover|p2a: Avalugg\n|-heal|p2a: Avalugg|303/303\n|\n|upkeep\n|turn|16\n|\n|t:|1683808932\n|move|p1a: Chansey|Toxic|p2a: Avalugg\n|-status|p2a: Avalugg|tox\n|move|p2a: Avalugg|Body Press|p1a: Chansey\n|-supereffective|p1a: Chansey\n|-damage|p1a: Chansey|0 fnt\n|faint|p1a: Chansey\n|\n|-damage|p2a: Avalugg|285/303 tox|[from] psn\n|upkeep\n|\n|t:|1683808953\n|switch|p1a: Glalie|Glalie, L80, M|259/259\n|turn|17\n|\n|t:|1683808973\n|move|p1a: Glalie|Earthquake|p2a: Avalugg\n|-damage|p2a: Avalugg|255/303 tox\n|move|p2a: Avalugg|Body Press|p1a: Glalie\n|-supereffective|p1a: Glalie\n|-damage|p1a: Glalie|45/259\n|\n|-heal|p1a: Glalie|61/259|[from] item: Leftovers\n|-heal|p2a: Avalugg|273/303 tox|[from] item: Leftovers\n|-damage|p2a: Avalugg|237/303 tox|[from] psn\n|-ability|p1a: Glalie|Moody|boost\n|-boost|p1a: Glalie|spd|2\n|-unboost|p1a: Glalie|spe|1\n|upkeep\n|turn|18\n|\n|t:|1683808990\n|move|p1a: Glalie|Protect|p1a: Glalie\n|-singleturn|p1a: Glalie|Protect\n|move|p2a: Avalugg|Body Press|p1a: Glalie\n|-activate|p1a: Glalie|move: Protect\n|\n|-heal|p1a: Glalie|77/259|[from] item: Leftovers\n|-heal|p2a: Avalugg|255/303 tox|[from] item: Leftovers\n|-damage|p2a: Avalugg|201/303 tox|[from] psn\n|-ability|p1a: Glalie|Moody|boost\n|-boost|p1a: Glalie|spe|2\n|-unboost|p1a: Glalie|def|1\n|upkeep\n|turn|19\n|\n|t:|1683808996\n|move|p1a: Glalie|Substitute|p1a: Glalie\n|-start|p1a: Glalie|Substitute\n|-damage|p1a: Glalie|13/259\n|move|p2a: Avalugg|Curse|p2a: Avalugg\n|-unboost|p2a: Avalugg|spe|1\n|-boost|p2a: Avalugg|atk|1\n|-boost|p2a: Avalugg|def|1\n|\n|-heal|p1a: Glalie|29/259|[from] item: Leftovers\n|-heal|p2a: Avalugg|219/303 tox|[from] item: Leftovers\n|-damage|p2a: Avalugg|147/303 tox|[from] psn\n|-ability|p1a: Glalie|Moody|boost\n|-boost|p1a: Glalie|atk|2\n|-unboost|p1a: Glalie|spe|1\n|upkeep\n|turn|20\n|\n|t:|1683809012\n|move|p1a: Glalie|Protect|p1a: Glalie\n|-singleturn|p1a: Glalie|Protect\n|move|p2a: Avalugg|Body Press|p1a: Glalie\n|-activate|p1a: Glalie|move: Protect\n|\n|-heal|p1a: Glalie|45/259|[from] item: Leftovers\n|-heal|p2a: Avalugg|165/303 tox|[from] item: Leftovers\n|-damage|p2a: Avalugg|75/303 tox|[from] psn\n|-ability|p1a: Glalie|Moody|boost\n|-boost|p1a: Glalie|def|2\n|-unboost|p1a: Glalie|spd|1\n|upkeep\n|turn|21\n|\n|t:|1683809030\n|move|p1a: Glalie|Freeze-Dry|p2a: Avalugg\n|-resisted|p2a: Avalugg\n|-damage|p2a: Avalugg|27/303 tox\n|move|p2a: Avalugg|Recover|p2a: Avalugg\n|-heal|p2a: Avalugg|179/303 tox\n|\n|-heal|p1a: Glalie|61/259|[from] item: Leftovers\n|-heal|p2a: Avalugg|197/303 tox|[from] item: Leftovers\n|-damage|p2a: Avalugg|89/303 tox|[from] psn\n|-ability|p1a: Glalie|Moody|boost\n|-boost|p1a: Glalie|spe|2\n|-unboost|p1a: Glalie|spd|1\n|upkeep\n|turn|22\n|\n|t:|1683809044\n|move|p1a: Glalie|Protect|p1a: Glalie\n|-singleturn|p1a: Glalie|Protect\n|move|p2a: Avalugg|Recover|p2a: Avalugg\n|-heal|p2a: Avalugg|241/303 tox\n|\n|-heal|p1a: Glalie|77/259|[from] item: Leftovers\n|-heal|p2a: Avalugg|259/303 tox|[from] item: Leftovers\n|-damage|p2a: Avalugg|133/303 tox|[from] psn\n|-ability|p1a: Glalie|Moody|boost\n|-boost|p1a: Glalie|atk|2\n|-unboost|p1a: Glalie|spe|1\n|upkeep\n|turn|23\n|\n|t:|1683809062\n|move|p1a: Glalie|Earthquake|p2a: Avalugg\n|-damage|p2a: Avalugg|71/303 tox\n|move|p2a: Avalugg|Recover|p2a: Avalugg\n|-heal|p2a: Avalugg|223/303 tox\n|\n|-heal|p1a: Glalie|93/259|[from] item: Leftovers\n|-heal|p2a: Avalugg|241/303 tox|[from] item: Leftovers\n|-damage|p2a: Avalugg|97/303 tox|[from] psn\n|-ability|p1a: Glalie|Moody|boost\n|-boost|p1a: Glalie|spe|2\n|-unboost|p1a: Glalie|def|1\n|upkeep\n|turn|24\n|\n|t:|1683809081\n|move|p1a: Glalie|Protect|p1a: Glalie\n|-singleturn|p1a: Glalie|Protect\n|move|p2a: Avalugg|Body Press|p1a: Glalie\n|-activate|p1a: Glalie|move: Protect\n|\n|-heal|p1a: Glalie|109/259|[from] item: Leftovers\n|-heal|p2a: Avalugg|115/303 tox|[from] item: Leftovers\n|-damage|p2a: Avalugg|0 fnt|[from] psn\n|faint|p2a: Avalugg\n|-ability|p1a: Glalie|Moody|boost\n|-boost|p1a: Glalie|atk|2\n|-unboost|p1a: Glalie|def|1\n|upkeep\n|\n|t:|1683809091\n|switch|p2a: Cresselia|Cresselia, L80, F|323/323\n|turn|25\n|\n|t:|1683809101\n|move|p1a: Glalie|Freeze-Dry|p2a: Cresselia\n|-damage|p2a: Cresselia|280/323\n|move|p2a: Cresselia|Moonlight|p2a: Cresselia\n|-heal|p2a: Cresselia|323/323\n|\n|-heal|p1a: Glalie|125/259|[from] item: Leftovers\n|-ability|p1a: Glalie|Moody|boost\n|-boost|p1a: Glalie|def|2\n|-unboost|p1a: Glalie|spd|1\n|upkeep\n|turn|26\n|\n|t:|1683809113\n|move|p1a: Glalie|Earthquake|p2a: Cresselia\n|-immune|p2a: Cresselia|[from] ability: Levitate\n|move|p2a: Cresselia|Moonlight|p2a: Cresselia\n|-fail|p2a: Cresselia|heal\n|\n|-heal|p1a: Glalie|141/259|[from] item: Leftovers\n|-ability|p1a: Glalie|Moody|boost\n|-boost|p1a: Glalie|spe|2\n|-unboost|p1a: Glalie|spa|1\n|upkeep\n|turn|27\n|\n|t:|1683809128\n|-start|p2a: Cresselia|Dynamax|\n|-heal|p2a: Cresselia|646/646|[silent]\n|move|p1a: Glalie|Freeze-Dry|p2a: Cresselia\n|-damage|p2a: Cresselia|613/646\n|move|p2a: Cresselia|Max Starfall|p1a: Glalie\n|-end|p1a: Glalie|Substitute\n|-fieldstart|move: Misty Terrain\n|\n|-heal|p1a: Glalie|157/259|[from] item: Leftovers\n|-heal|p2a: Cresselia|633/646|[from] item: Leftovers\n|-ability|p1a: Glalie|Moody|boost\n|-boost|p1a: Glalie|spa|2\n|-unboost|p1a: Glalie|spe|1\n|upkeep\n|turn|28\n|\n|t:|1683809147\n|-start|p1a: Glalie|Dynamax|\n|-heal|p1a: Glalie|314/518|[silent]\n|move|p1a: Glalie|Max Guard|p1a: Glalie\n|-singleturn|p1a: Glalie|Max Guard\n|move|p2a: Cresselia|Max Starfall|p1a: Glalie\n|-activate|p1a: Glalie|move: Max Guard\n|\n|-heal|p1a: Glalie|330/518|[from] item: Leftovers\n|-heal|p2a: Cresselia|646/646|[from] item: Leftovers\n|-ability|p1a: Glalie|Moody|boost\n|-boost|p1a: Glalie|spa|2\n|-unboost|p1a: Glalie|atk|1\n|upkeep\n|turn|29\n|\n|t:|1683809170\n|move|p2a: Cresselia|Max Guard|p2a: Cresselia\n|-singleturn|p2a: Cresselia|Max Guard\n|move|p1a: Glalie|Max Quake|p2a: Cresselia\n|-activate|p2a: Cresselia|move: Max Guard\n|\n|-heal|p1a: Glalie|346/518|[from] item: Leftovers\n|-ability|p1a: Glalie|Moody|boost\n|-boost|p1a: Glalie|def|2\n|-unboost|p1a: Glalie|spa|1\n|upkeep\n|-end|p2a: Cresselia|Dynamax\n|-heal|p2a: Cresselia|323/323|[silent]\n|turn|30\n|\n|t:|1683809183\n|move|p1a: Glalie|Max Hailstorm|p2a: Cresselia\n|-damage|p2a: Cresselia|175/323\n|-weather|Hail\n|move|p2a: Cresselia|Moonblast|p1a: Glalie\n|-damage|p1a: Glalie|260/518\n|-unboost|p1a: Glalie|spa|1\n|\n|-weather|Hail|[upkeep]\n|-damage|p2a: Cresselia|155/323|[from] Hail\n|-heal|p1a: Glalie|276/518|[from] item: Leftovers\n|-heal|p2a: Cresselia|175/323|[from] item: Leftovers\n|-ability|p1a: Glalie|Moody|boost\n|-boost|p1a: Glalie|atk|1\n|-unboost|p1a: Glalie|def|1\n|upkeep\n|-end|p1a: Glalie|Dynamax\n|-heal|p1a: Glalie|138/259|[silent]\n|turn|31\n|\n|t:|1683809194\n|move|p1a: Glalie|Substitute|p1a: Glalie\n|-start|p1a: Glalie|Substitute\n|-damage|p1a: Glalie|74/259\n|move|p2a: Cresselia|Psyshock|p1a: Glalie\n|-activate|p1a: Glalie|move: Substitute|[damage]\n|\n|-weather|Hail|[upkeep]\n|-damage|p2a: Cresselia|155/323|[from] Hail\n|-heal|p1a: Glalie|90/259|[from] item: Leftovers\n|-heal|p2a: Cresselia|175/323|[from] item: Leftovers\n|-fieldend|Misty Terrain\n|-ability|p1a: Glalie|Moody|boost\n|-boost|p1a: Glalie|def|2\n|-unboost|p1a: Glalie|atk|1\n|upkeep\n|turn|32\n|\n|t:|1683809210\n|move|p1a: Glalie|Freeze-Dry|p2a: Cresselia\n|-damage|p2a: Cresselia|102/323\n|move|p2a: Cresselia|Calm Mind|p2a: Cresselia\n|-boost|p2a: Cresselia|spa|1\n|-boost|p2a: Cresselia|spd|1\n|\n|-weather|Hail|[upkeep]\n|-damage|p2a: Cresselia|82/323|[from] Hail\n|-heal|p1a: Glalie|106/259|[from] item: Leftovers\n|-heal|p2a: Cresselia|102/323|[from] item: Leftovers\n|-ability|p1a: Glalie|Moody|boost\n|-boost|p1a: Glalie|spd|2\n|-unboost|p1a: Glalie|atk|1\n|upkeep\n|turn|33\n|\n|t:|1683809218\n|move|p1a: Glalie|Freeze-Dry|p2a: Cresselia\n|-damage|p2a: Cresselia|59/323\n|move|p2a: Cresselia|Moonblast|p1a: Glalie\n|-end|p1a: Glalie|Substitute\n|\n|-weather|Hail|[upkeep]\n|-damage|p2a: Cresselia|39/323|[from] Hail\n|-heal|p1a: Glalie|122/259|[from] item: Leftovers\n|-heal|p2a: Cresselia|59/323|[from] item: Leftovers\n|-ability|p1a: Glalie|Moody|boost\n|-boost|p1a: Glalie|spa|2\n|-unboost|p1a: Glalie|def|1\n|upkeep\n|turn|34\n|\n|t:|1683809233\n|move|p1a: Glalie|Freeze-Dry|p2a: Cresselia\n|-damage|p2a: Cresselia|0 fnt\n|faint|p2a: Cresselia\n|\n|win|MateoV2.6\n|l|\u2606Kazik007\n", "inputlog": ">version bce759c5f189753f4322d11c9e5aa78bbe1b1bf9\n>start {\"formatid\":\"gen8randombattle\",\"seed\":[16152,24205,21326,24838]}\n>player p1 {\"name\":\"MateoV2.6\",\"avatar\":\"chili\",\"rating\":0,\"seed\":[52542,37694,52505,4615]}\n>player p2 {\"name\":\"Kazik007\",\"avatar\":\"1\",\"rating\":0,\"seed\":[17975,53594,33696,49307]}\n>p1 move spikyshield\n>p2 move liquidation\n>p1 move leechseed\n>p2 move raindance\n>p1 move energyball\n>p2 move darkestlariat\n>p2 switch 6\n>p1 move toxic\n>p2 move discharge\n>p1 move spikyshield\n>p2 move heatwave\n>p1 switch 3\n>p2 move heatwave\n>p1 move stoneedge\n>p2 move heatwave\n>p2 switch 5\n>p1 move stoneedge\n>p2 move fireblast\n>p1 switch 6\n>p1 move freezedry\n>p2 move fireblast\n>p1 move freezedry\n>p2 move fireblast\n>p1 switch 5\n>p1 move seismictoss\n>p2 move fireblast\n>p2 switch 2\n>p1 move toxic\n>p2 move explosion\n>p2 switch 4\n>p1 move softboiled\n>p2 move avalanche\n>p1 move softboiled\n>p2 move bodypress\n>p1 move seismictoss\n>p2 move recover\n>p1 move toxic\n>p2 move bodypress\n>p1 switch 4\n>p1 move earthquake\n>p2 move bodypress\n>p1 move protect\n>p2 move bodypress\n>p1 move substitute\n>p2 move curse\n>p1 move protect\n>p2 move bodypress\n>p1 move freezedry\n>p2 move recover\n>p1 move protect\n>p2 move recover\n>p1 move earthquake\n>p2 move recover\n>p1 move protect\n>p2 move bodypress\n>p2 switch 3\n>p1 move freezedry\n>p2 move moonlight\n>p1 move earthquake\n>p2 move moonlight\n>p1 move freezedry\n>p2 move moonblast dynamax\n>p1 move protect dynamax\n>p2 move moonblast dynamax\n>p1 move earthquake dynamax\n>p2 move moonlight dynamax\n>p1 move freezedry dynamax\n>p2 move moonblast\n>p1 move substitute\n>p2 move psyshock\n>p1 move freezedry\n>p2 move calmmind\n>p1 move freezedry\n>p2 move moonblast\n>p1 move freezedry\n>p2 move moonlight", "uploadtime": 1683809262, "views": 3, "p1id": "mateov26", "p2id": "kazik007", "formatid": "gen8randombattle", "rating": 0, "private": 0, "password": ""}