{"id": "gen8randombattle-1874765808", "p1": "thqthomas", "p2": "tangy fish", "format": "[Gen 8] Random Battle", "log": "|j|\u2606thqthomas\n|j|\u2606tangy fish\n|t:|1685538970\n|gametype|singles\n|player|p1|thqthomas|266|1235\n|player|p2|tangy fish|2|1235\n|teamsize|p1|6\n|teamsize|p2|6\n|gen|8\n|tier|[Gen 8] Random Battle\n|rated|\n|rule|Species Clause: Limit one of each Pok\u00e9mon\n|rule|HP Percentage Mod: HP is shown in percentages\n|rule|Sleep Clause Mod: Limit one foe put to sleep\n|\n|t:|1685538970\n|start\n|switch|p1a: Perrserker|Perrserker, L86, F|261/261\n|switch|p2a: Diancie|Diancie, L82|216/216\n|turn|1\n|\n|t:|1685538991\n|switch|p2a: Druddigon|Druddigon, L84, F|267/267\n|-ability|p2a: Druddigon|Mold Breaker\n|move|p1a: Perrserker|Iron Head|p2a: Druddigon\n|-damage|p2a: Druddigon|118/267\n|-damage|p1a: Perrserker|235/261|[from] item: Life Orb\n|\n|upkeep\n|turn|2\n|\n|t:|1685539008\n|move|p1a: Perrserker|Iron Head|p2a: Druddigon\n|-damage|p2a: Druddigon|0 fnt\n|faint|p2a: Druddigon\n|-damage|p1a: Perrserker|209/261|[from] item: Life Orb\n|\n|upkeep\n|\n|t:|1685539017\n|switch|p2a: Dusknoir|Dusknoir, L86, M|218/218\n|-item|p1a: Perrserker|Life Orb|[from] ability: Frisk|[of] p2a: Dusknoir|[identify]\n|turn|3\n|\n|t:|1685539024\n|-start|p1a: Perrserker|Dynamax|\n|-heal|p1a: Perrserker|418/522|[silent]\n|move|p1a: Perrserker|Max Darkness|p2a: Dusknoir\n|-supereffective|p2a: Dusknoir\n|-damage|p2a: Dusknoir|10/218\n|-unboost|p2a: Dusknoir|spd|1\n|-damage|p1a: Perrserker|392/522|[from] item: Life Orb\n|move|p2a: Dusknoir|Will-O-Wisp|p1a: Perrserker\n|-status|p1a: Perrserker|brn\n|\n|-heal|p2a: Dusknoir|23/218|[from] item: Leftovers\n|-damage|p1a: Perrserker|376/522 brn|[from] brn\n|upkeep\n|turn|4\n|\n|t:|1685539048\n|switch|p2a: Pinsir|Pinsir, L84, M|246/246\n|move|p1a: Perrserker|Max Steelspike|p2a: Pinsir\n|-damage|p2a: Pinsir|149/246\n|-boost|p1a: Perrserker|def|1\n|-damage|p1a: Perrserker|350/522 brn|[from] item: Life Orb\n|\n|-damage|p1a: Perrserker|334/522 brn|[from] brn\n|upkeep\n|turn|5\n|\n|t:|1685539064\n|move|p2a: Pinsir|Earthquake|p1a: Perrserker\n|-supereffective|p1a: Perrserker\n|-damage|p1a: Perrserker|230/522 brn\n|move|p1a: Perrserker|Max Steelspike|p2a: Pinsir\n|-damage|p2a: Pinsir|57/246\n|-boost|p1a: Perrserker|def|1\n|-damage|p1a: Perrserker|204/522 brn|[from] item: Life Orb\n|\n|-damage|p1a: Perrserker|188/522 brn|[from] brn\n|upkeep\n|-end|p1a: Perrserker|Dynamax\n|-heal|p1a: Perrserker|94/261 brn|[silent]\n|turn|6\n|\n|t:|1685539077\n|move|p1a: Perrserker|Fake Out||[still]\n|-hint|Fake Out only works on your first turn out.\n|-fail|p1a: Perrserker\n|move|p2a: Pinsir|Earthquake|p1a: Perrserker\n|-supereffective|p1a: Perrserker\n|-damage|p1a: Perrserker|14/261 brn\n|\n|-damage|p1a: Perrserker|0 fnt|[from] brn\n|faint|p1a: Perrserker\n|upkeep\n|\n|t:|1685539092\n|switch|p1a: Dedenne|Dedenne, L87, F|258/258\n|turn|7\n|\n|t:|1685539099\n|move|p2a: Pinsir|Earthquake|p1a: Dedenne\n|-supereffective|p1a: Dedenne\n|-damage|p1a: Dedenne|50/258\n|-enditem|p1a: Dedenne|Sitrus Berry|[eat]\n|-heal|p1a: Dedenne|114/258|[from] item: Sitrus Berry\n|-heal|p1a: Dedenne|200/258|[from] ability: Cheek Pouch\n|move|p1a: Dedenne|Thunderbolt|p2a: Pinsir\n|-damage|p2a: Pinsir|0 fnt\n|faint|p2a: Pinsir\n|\n|upkeep\n|\n|t:|1685539116\n|switch|p2a: Mimikyu|Mimikyu, L76, F|209/209\n|turn|8\n|\n|t:|1685539123\n|move|p1a: Dedenne|Toxic|p2a: Mimikyu\n|-status|p2a: Mimikyu|tox\n|move|p2a: Mimikyu|Swords Dance|p2a: Mimikyu\n|-boost|p2a: Mimikyu|atk|2\n|\n|-damage|p2a: Mimikyu|196/209 tox|[from] psn\n|upkeep\n|turn|9\n|\n|t:|1685539138\n|move|p1a: Dedenne|Thunderbolt|p2a: Mimikyu\n|-activate|p2a: Mimikyu|ability: Disguise\n|-damage|p2a: Mimikyu|196/209 tox\n|detailschange|p2a: Mimikyu|Mimikyu-Busted, L76, F\n|-damage|p2a: Mimikyu|170/209 tox|[from] pokemon: Mimikyu-Busted\n|move|p2a: Mimikyu|Shadow Claw|p1a: Dedenne\n|-damage|p1a: Dedenne|17/258\n|-damage|p2a: Mimikyu|150/209 tox|[from] item: Life Orb\n|\n|-damage|p2a: Mimikyu|124/209 tox|[from] psn\n|upkeep\n|turn|10\n|\n|t:|1685539150\n|move|p1a: Dedenne|Protect|p1a: Dedenne\n|-singleturn|p1a: Dedenne|Protect\n|move|p2a: Mimikyu|Shadow Sneak|p1a: Dedenne\n|-activate|p1a: Dedenne|move: Protect\n|\n|-damage|p2a: Mimikyu|85/209 tox|[from] psn\n|upkeep\n|turn|11\n|\n|t:|1685539160\n|move|p1a: Dedenne|Protect|p1a: Dedenne\n|-singleturn|p1a: Dedenne|Protect\n|move|p2a: Mimikyu|Shadow Sneak|p1a: Dedenne\n|-activate|p1a: Dedenne|move: Protect\n|\n|-damage|p2a: Mimikyu|33/209 tox|[from] psn\n|upkeep\n|turn|12\n|\n|t:|1685539167\n|move|p2a: Mimikyu|Shadow Sneak|p1a: Dedenne\n|-damage|p1a: Dedenne|0 fnt\n|faint|p1a: Dedenne\n|-damage|p2a: Mimikyu|13/209 tox|[from] item: Life Orb\n|\n|-damage|p2a: Mimikyu|0 fnt|[from] psn\n|faint|p2a: Mimikyu\n|upkeep\n|\n|t:|1685539178\n|switch|p1a: Latios|Latios, L78, M|253/253\n|switch|p2a: Yveltal|Yveltal, L69|288/288\n|-ability|p2a: Yveltal|Dark Aura\n|turn|13\n|\n|t:|1685539190\n|-start|p2a: Yveltal|Dynamax|\n|-heal|p2a: Yveltal|576/576|[silent]\n|move|p1a: Latios|Draco Meteor|p2a: Yveltal|[miss]\n|-miss|p1a: Latios|p2a: Yveltal\n|move|p2a: Yveltal|Max Darkness|p1a: Latios\n|-supereffective|p1a: Latios\n|-damage|p1a: Latios|0 fnt\n|faint|p1a: Latios\n|\n|upkeep\n|\n|t:|1685539203\n|switch|p1a: Quagsire|Quagsire, L84, M|297/297\n|turn|14\n|\n|t:|1685539209\n|move|p2a: Yveltal|Max Airstream|p1a: Quagsire\n|-damage|p1a: Quagsire|147/297\n|-boost|p2a: Yveltal|spe|1\n|move|p1a: Quagsire|Recover|p1a: Quagsire\n|-heal|p1a: Quagsire|296/297\n|\n|-heal|p1a: Quagsire|297/297|[from] item: Leftovers\n|upkeep\n|turn|15\n|\n|t:|1685539220\n|move|p2a: Yveltal|Max Airstream|p1a: Quagsire\n|-damage|p1a: Quagsire|152/297\n|-boost|p2a: Yveltal|spe|1\n|move|p1a: Quagsire|Recover|p1a: Quagsire\n|-heal|p1a: Quagsire|297/297\n|\n|upkeep\n|-end|p2a: Yveltal|Dynamax\n|-heal|p2a: Yveltal|288/288|[silent]\n|turn|16\n|\n|t:|1685539231\n|move|p2a: Yveltal|Knock Off|p1a: Quagsire\n|-damage|p1a: Quagsire|177/297\n|-enditem|p1a: Quagsire|Leftovers|[from] move: Knock Off|[of] p2a: Yveltal\n|move|p1a: Quagsire|Toxic|p2a: Yveltal\n|-status|p2a: Yveltal|tox\n|\n|-damage|p2a: Yveltal|270/288 tox|[from] psn\n|upkeep\n|turn|17\n|\n|t:|1685539239\n|move|p2a: Yveltal|Oblivion Wing|p1a: Quagsire\n|-damage|p1a: Quagsire|90/297\n|-heal|p2a: Yveltal|288/288 tox|[from] drain|[of] p1a: Quagsire\n|move|p1a: Quagsire|Recover|p1a: Quagsire\n|-heal|p1a: Quagsire|239/297\n|\n|-damage|p2a: Yveltal|252/288 tox|[from] psn\n|upkeep\n|turn|18\n|\n|t:|1685539262\n|switch|p2a: Diancie|Diancie, L82|216/216\n|move|p1a: Quagsire|Scald|p2a: Diancie\n|-supereffective|p2a: Diancie\n|-damage|p2a: Diancie|136/216\n|\n|-heal|p2a: Diancie|149/216|[from] item: Leftovers\n|upkeep\n|turn|19\n|\n|t:|1685539280\n|switch|p1a: Articuno|Articuno, L84|288/288\n|-ability|p1a: Articuno|Pressure\n|move|p2a: Diancie|Toxic|p1a: Articuno\n|-status|p1a: Articuno|tox\n|\n|-heal|p2a: Diancie|162/216|[from] item: Leftovers\n|-damage|p1a: Articuno|270/288 tox|[from] psn\n|upkeep\n|turn|20\n|\n|t:|1685539293\n|move|p1a: Articuno|Freeze-Dry|p2a: Diancie\n|-crit|p2a: Diancie\n|-damage|p2a: Diancie|84/216\n|move|p2a: Diancie|Diamond Storm|p1a: Articuno\n|-supereffective|p1a: Articuno\n|-damage|p1a: Articuno|0 fnt\n|faint|p1a: Articuno\n|\n|-heal|p2a: Diancie|97/216|[from] item: Leftovers\n|upkeep\n|\n|t:|1685539302\n|switch|p1a: Barbaracle|Barbaracle, L80, F|246/246\n|turn|21\n|\n|t:|1685539308\n|switch|p2a: Dusknoir|Dusknoir, L86, M|23/218\n|-item|p1a: Barbaracle|Choice Scarf|[from] ability: Frisk|[of] p2a: Dusknoir|[identify]\n|move|p1a: Barbaracle|Earthquake|p2a: Dusknoir\n|-damage|p2a: Dusknoir|0 fnt\n|faint|p2a: Dusknoir\n|\n|upkeep\n|\n|t:|1685539316\n|switch|p2a: Yveltal|Yveltal, L69|252/288 tox\n|-ability|p2a: Yveltal|Dark Aura\n|turn|22\n|\n|t:|1685539327\n|switch|p1a: Quagsire|Quagsire, L84, M|239/297\n|move|p2a: Yveltal|Oblivion Wing|p1a: Quagsire\n|-damage|p1a: Quagsire|139/297\n|-heal|p2a: Yveltal|288/288 tox|[from] drain|[of] p1a: Quagsire\n|\n|-damage|p2a: Yveltal|270/288 tox|[from] psn\n|upkeep\n|turn|23\n|\n|t:|1685539338\n|move|p2a: Yveltal|Oblivion Wing|p1a: Quagsire\n|-damage|p1a: Quagsire|54/297\n|-heal|p2a: Yveltal|288/288 tox|[from] drain|[of] p1a: Quagsire\n|move|p1a: Quagsire|Recover|p1a: Quagsire\n|-heal|p1a: Quagsire|203/297\n|\n|-damage|p2a: Yveltal|252/288 tox|[from] psn\n|upkeep\n|turn|24\n|\n|t:|1685539349\n|move|p2a: Yveltal|Oblivion Wing|p1a: Quagsire\n|-damage|p1a: Quagsire|118/297\n|-heal|p2a: Yveltal|288/288 tox|[from] drain|[of] p1a: Quagsire\n|move|p1a: Quagsire|Recover|p1a: Quagsire\n|-heal|p1a: Quagsire|267/297\n|\n|-damage|p2a: Yveltal|234/288 tox|[from] psn\n|upkeep\n|turn|25\n|\n|t:|1685539360\n|move|p2a: Yveltal|Oblivion Wing|p1a: Quagsire\n|-damage|p1a: Quagsire|171/297\n|-heal|p2a: Yveltal|288/288 tox|[from] drain|[of] p1a: Quagsire\n|move|p1a: Quagsire|Scald|p2a: Yveltal\n|-damage|p2a: Yveltal|224/288 tox\n|\n|-damage|p2a: Yveltal|152/288 tox|[from] psn\n|upkeep\n|turn|26\n|\n|t:|1685539371\n|switch|p2a: Diancie|Diancie, L82|97/216\n|move|p1a: Quagsire|Recover|p1a: Quagsire\n|-heal|p1a: Quagsire|297/297\n|\n|-heal|p2a: Diancie|110/216|[from] item: Leftovers\n|upkeep\n|turn|27\n|\n|t:|1685539379\n|switch|p1a: Barbaracle|Barbaracle, L80, F|246/246\n|move|p2a: Diancie|Toxic|p1a: Barbaracle\n|-status|p1a: Barbaracle|tox\n|\n|-heal|p2a: Diancie|123/216|[from] item: Leftovers\n|-damage|p1a: Barbaracle|231/246 tox|[from] psn\n|upkeep\n|turn|28\n|\n|t:|1685539412\n|switch|p2a: Yveltal|Yveltal, L69|152/288 tox\n|-ability|p2a: Yveltal|Dark Aura\n|move|p1a: Barbaracle|Liquidation|p2a: Yveltal\n|-damage|p2a: Yveltal|29/288 tox\n|-unboost|p2a: Yveltal|def|1\n|\n|-damage|p1a: Barbaracle|201/246 tox|[from] psn\n|-damage|p2a: Yveltal|11/288 tox|[from] psn\n|upkeep\n|turn|29\n|\n|t:|1685539423\n|move|p1a: Barbaracle|Liquidation|p2a: Yveltal\n|-damage|p2a: Yveltal|0 fnt\n|faint|p2a: Yveltal\n|\n|-damage|p1a: Barbaracle|156/246 tox|[from] psn\n|upkeep\n|\n|t:|1685539428\n|switch|p2a: Diancie|Diancie, L82|123/216\n|turn|30\n|\n|t:|1685539433\n|move|p1a: Barbaracle|Liquidation|p2a: Diancie\n|-supereffective|p2a: Diancie\n|-damage|p2a: Diancie|0 fnt\n|faint|p2a: Diancie\n|\n|win|thqthomas\n|raw|thqthomas's rating: 1235 &rarr; <strong>1260</strong><br />(+25 for winning)\n|raw|tangy fish's rating: 1235 &rarr; <strong>1210</strong><br />(-25 for losing)\n|l|\u2606tangy fish\n", "inputlog": ">version d94486096666f9f03053a01e17a1c7fdbd408dfa\n>start {\"formatid\":\"gen8randombattle\",\"seed\":[21610,23915,18361,11606],\"rated\":\"Rated battle\"}\n>player p1 {\"name\":\"thqthomas\",\"avatar\":\"266\",\"rating\":1235,\"seed\":[32901,5455,37072,31369]}\n>player p2 {\"name\":\"tangy fish\",\"avatar\":\"2\",\"rating\":1235,\"seed\":[44755,60066,59604,60828]}\n>p1 move ironhead\n>p2 switch 4\n>p1 move ironhead\n>p2 move stealthrock\n>p2 switch 3\n>p1 move crunch dynamax\n>p2 move willowisp\n>p1 move ironhead dynamax\n>p2 switch 2\n>p1 move ironhead dynamax\n>p2 move earthquake\n>p1 move fakeout\n>p2 move earthquake\n>p1 switch 5\n>p1 move thunderbolt\n>p2 move earthquake\n>p2 switch 5\n>p1 move toxic\n>p2 move swordsdance\n>p1 move thunderbolt\n>p2 move shadowclaw\n>p1 move protect\n>p2 move shadowsneak\n>p1 move protect\n>p2 move shadowsneak\n>p1 move toxic\n>p2 move shadowsneak\n>p1 switch 6\n>p2 switch 6\n>p1 move dracometeor\n>p2 move knockoff dynamax\n>p1 switch 2\n>p1 move recover\n>p2 move oblivionwing dynamax\n>p1 move recover\n>p2 move oblivionwing dynamax\n>p1 move toxic\n>p2 move knockoff\n>p1 move recover\n>p2 move oblivionwing\n>p1 move scald\n>p2 switch 4\n>p1 switch 3\n>p2 move toxic\n>p1 move freezedry\n>p2 move diamondstorm\n>p1 switch 4\n>p1 move earthquake\n>p2 switch 2\n>p2 switch 4\n>p1 switch 3\n>p2 move oblivionwing\n>p1 move recover\n>p2 move oblivionwing\n>p1 move recover\n>p2 move oblivionwing\n>p1 move scald\n>p2 move oblivionwing\n>p1 move recover\n>p2 switch 2\n>p1 switch 3\n>p2 move toxic\n>p1 move liquidation\n>p2 switch 2\n>p1 move liquidation\n>p2 move roost\n>p2 switch 2\n>p1 move liquidation\n>p2 move diamondstorm", "uploadtime": 1685539443, "views": 4, "p1id": "thqthomas", "p2id": "tangyfish", "formatid": "gen8randombattle", "rating": 1210, "private": 0, "password": ""}