{"id": "gen8randombattle-1874543488", "p1": "DerpyFlareon", "p2": "Jacknightdragon", "format": "[Gen 8] Random Battle", "log": "|j|\u2606DerpyFlareon\n|j|\u2606Jacknightdragon\n|t:|1685507948\n|gametype|singles\n|player|p1|DerpyFlareon|cynthia|\n|player|p2|Jacknightdragon|hilbert-wonderlauncher|\n|teamsize|p1|6\n|teamsize|p2|6\n|gen|8\n|tier|[Gen 8] Random Battle\n|rule|Species Clause: Limit one of each Pok\u00e9mon\n|rule|HP Percentage Mod: HP is shown in percentages\n|rule|Sleep Clause Mod: Limit one foe put to sleep\n|\n|t:|1685507948\n|start\n|switch|p1a: Drampa|Drampa, L86, F|274/274\n|switch|p2a: Klefki|Klefki, L82, M|228/228\n|turn|1\n|j| deeplyunderground\n|\n|t:|1685507964\n|move|p2a: Klefki|Thunder Wave|p1a: Drampa\n|-status|p1a: Drampa|par\n|move|p1a: Drampa|Glare|p2a: Klefki\n|-status|p2a: Klefki|par\n|\n|upkeep\n|turn|2\n|\n|t:|1685507971\n|move|p2a: Klefki|Spikes|p1a: Drampa\n|-sidestart|p1: DerpyFlareon|Spikes\n|move|p1a: Drampa|Fire Blast|p2a: Klefki|[miss]\n|-miss|p1a: Drampa|p2a: Klefki\n|\n|upkeep\n|turn|3\n|\n|t:|1685507980\n|move|p2a: Klefki|Play Rough|p1a: Drampa\n|-supereffective|p1a: Drampa\n|-damage|p1a: Drampa|128/274 par\n|-unboost|p1a: Drampa|atk|1\n|-ability|p1a: Drampa|Berserk|boost\n|-boost|p1a: Drampa|spa|1\n|move|p1a: Drampa|Fire Blast|p2a: Klefki\n|-supereffective|p2a: Klefki\n|-enditem|p2a: Klefki|Focus Sash\n|-damage|p2a: Klefki|1/228 par\n|\n|-heal|p1a: Drampa|145/274 par|[from] item: Leftovers\n|upkeep\n|turn|4\n|\n|t:|1685507996\n|switch|p1a: Mawile|Mawile, L86, F|226/226\n|-damage|p1a: Mawile|198/226|[from] Spikes\n|-ability|p1a: Mawile|Intimidate|boost\n|-unboost|p2a: Klefki|atk|1\n|move|p2a: Klefki|Play Rough|p1a: Mawile\n|-resisted|p1a: Mawile\n|-damage|p1a: Mawile|171/226\n|\n|upkeep\n|turn|5\n|\n|t:|1685508007\n|cant|p2a: Klefki|par\n|move|p1a: Mawile|Iron Head|p2a: Klefki\n|-damage|p2a: Klefki|0 fnt\n|faint|p2a: Klefki\n|-damage|p1a: Mawile|149/226|[from] item: Life Orb\n|\n|upkeep\n|\n|t:|1685508033\n|switch|p2a: Pincurchin|Pincurchin, L88, M|228/228\n|-fieldstart|move: Electric Terrain|[from] ability: Electric Surge|[of] p2a: Pincurchin\n|turn|6\n|\n|t:|1685508042\n|move|p1a: Mawile|Swords Dance|p1a: Mawile\n|-boost|p1a: Mawile|atk|2\n|move|p2a: Pincurchin|Rising Voltage|p1a: Mawile\n|-hint|Rising Voltage's BP doubled on grounded target.\n|-damage|p1a: Mawile|0 fnt\n|faint|p1a: Mawile\n|\n|upkeep\n|\n|t:|1685508052\n|switch|p1a: Drampa|Drampa, L86, F|145/274 par\n|-damage|p1a: Drampa|111/274 par|[from] Spikes\n|turn|7\n|\n|t:|1685508057\n|move|p2a: Pincurchin|Spikes|p1a: Drampa\n|-sidestart|p1: DerpyFlareon|Spikes\n|move|p1a: Drampa|Roost|p1a: Drampa\n|-heal|p1a: Drampa|248/274 par\n|-singleturn|p1a: Drampa|move: Roost\n|\n|-heal|p1a: Drampa|265/274 par|[from] item: Leftovers\n|upkeep\n|turn|8\n|\n|t:|1685508064\n|move|p2a: Pincurchin|Rising Voltage|p1a: Drampa\n|-hint|Rising Voltage's BP doubled on grounded target.\n|-resisted|p1a: Drampa\n|-crit|p1a: Drampa\n|-damage|p1a: Drampa|133/274 par\n|-ability|p1a: Drampa|Berserk|boost\n|-boost|p1a: Drampa|spa|1\n|cant|p1a: Drampa|par\n|\n|-heal|p1a: Drampa|150/274 par|[from] item: Leftovers\n|upkeep\n|turn|9\n|\n|t:|1685508072\n|move|p2a: Pincurchin|Rising Voltage|p1a: Drampa\n|-hint|Rising Voltage's BP doubled on grounded target.\n|-resisted|p1a: Drampa\n|-damage|p1a: Drampa|55/274 par\n|-ability|p1a: Drampa|Berserk|boost\n|-boost|p1a: Drampa|spa|1\n|move|p1a: Drampa|Draco Meteor|p2a: Pincurchin\n|-damage|p2a: Pincurchin|0 fnt\n|-unboost|p1a: Drampa|spa|2\n|faint|p2a: Pincurchin\n|\n|-heal|p1a: Drampa|72/274 par|[from] item: Leftovers\n|upkeep\n|\n|t:|1685508087\n|switch|p2a: Lapras|Lapras, L86, F|363/363\n|turn|10\n|\n|t:|1685508092\n|switch|p1a: Arctovish|Arctovish, L86|295/295\n|-damage|p1a: Arctovish|246/295|[from] Spikes\n|move|p2a: Lapras|Freeze-Dry|p1a: Arctovish\n|-crit|p1a: Arctovish\n|-damage|p1a: Arctovish|140/295\n|\n|-fieldend|move: Electric Terrain\n|upkeep\n|turn|11\n|\n|t:|1685508105\n|switch|p1a: Lucario|Lucario, L82, F|249/249\n|-damage|p1a: Lucario|208/249|[from] Spikes\n|move|p2a: Lapras|Toxic|p1a: Lucario\n|-immune|p1a: Lucario\n|\n|upkeep\n|turn|12\n|\n|t:|1685508123\n|move|p2a: Lapras|Protect|p2a: Lapras\n|-singleturn|p2a: Lapras|Protect\n|move|p1a: Lucario|Swords Dance|p1a: Lucario\n|-boost|p1a: Lucario|atk|2\n|\n|upkeep\n|turn|13\n|\n|t:|1685508131\n|-start|p1a: Lucario|Dynamax|\n|-heal|p1a: Lucario|416/498|[silent]\n|move|p1a: Lucario|Max Steelspike|p2a: Lapras\n|-damage|p2a: Lapras|0 fnt\n|-boost|p1a: Lucario|def|1\n|faint|p2a: Lapras\n|-damage|p1a: Lucario|392/498|[from] item: Life Orb\n|\n|upkeep\n|\n|t:|1685508138\n|switch|p2a: Grapploct|Grapploct, L86, F|278/278\n|turn|14\n|\n|t:|1685508149\n|-start|p2a: Grapploct|Dynamax|\n|-heal|p2a: Grapploct|556/556|[silent]\n|move|p1a: Lucario|Max Steelspike|p2a: Grapploct\n|-damage|p2a: Grapploct|176/556\n|-boost|p1a: Lucario|def|1\n|-damage|p1a: Lucario|368/498|[from] item: Life Orb\n|move|p2a: Grapploct|Max Knuckle|p1a: Lucario\n|-supereffective|p1a: Lucario\n|-damage|p1a: Lucario|165/498\n|-boost|p2a: Grapploct|atk|1\n|-damage|p2a: Grapploct|149/556|[from] item: Life Orb\n|\n|upkeep\n|turn|15\n|\n|t:|1685508163\n|move|p2a: Grapploct|Max Guard|p2a: Grapploct\n|-singleturn|p2a: Grapploct|Max Guard\n|move|p1a: Lucario|Max Steelspike|p2a: Grapploct\n|-activate|p2a: Grapploct|move: Max Guard\n|\n|upkeep\n|-end|p1a: Lucario|Dynamax\n|-heal|p1a: Lucario|83/249|[silent]\n|turn|16\n|\n|t:|1685508169\n|move|p1a: Lucario|Meteor Mash|p2a: Grapploct\n|-damage|p2a: Grapploct|0 fnt\n|faint|p2a: Grapploct\n|-damage|p1a: Lucario|59/249|[from] item: Life Orb\n|\n|upkeep\n|\n|t:|1685508175\n|switch|p2a: Lunatone|Lunatone, L86|295/295\n|turn|17\n|\n|t:|1685508181\n|move|p1a: Lucario|Close Combat|p2a: Lunatone\n|-damage|p2a: Lunatone|0 fnt\n|-unboost|p1a: Lucario|def|1\n|-unboost|p1a: Lucario|spd|1\n|faint|p2a: Lunatone\n|-damage|p1a: Lucario|35/249|[from] item: Life Orb\n|\n|upkeep\n|\n|t:|1685508187\n|switch|p2a: Armaldo|Armaldo, L86, F|269/269\n|turn|18\n|\n|t:|1685508192\n|move|p1a: Lucario|Close Combat|p2a: Armaldo\n|-damage|p2a: Armaldo|0 fnt\n|-unboost|p1a: Lucario|def|1\n|-unboost|p1a: Lucario|spd|1\n|faint|p2a: Armaldo\n|-damage|p1a: Lucario|11/249|[from] item: Life Orb\n|\n|win|DerpyFlareon\n", "inputlog": ">version d94486096666f9f03053a01e17a1c7fdbd408dfa\n>start {\"formatid\":\"gen8randombattle\",\"seed\":[55261,14729,44938,30898]}\n>player p1 {\"name\":\"DerpyFlareon\",\"avatar\":\"cynthia\",\"rating\":0,\"seed\":[34376,49955,21462,61305]}\n>player p2 {\"name\":\"Jacknightdragon\",\"avatar\":\"hilbert-wonderlauncher\",\"rating\":0,\"seed\":[40439,60378,45319,36392]}\n>p1 move glare\n>p2 move thunderwave\n>p1 move fireblast\n>p2 move spikes\n>p1 move fireblast\n>p2 move playrough\n>p1 switch 2\n>p2 move playrough\n>p1 move ironhead\n>p2 move spikes\n>p2 switch 3\n>p1 move swordsdance\n>p2 move risingvoltage\n>p1 switch 2\n>p1 move roost\n>p2 move spikes\n>p1 move dracometeor\n>p2 move risingvoltage\n>p1 move dracometeor\n>p2 move risingvoltage\n>p2 switch 2\n>p1 switch 3\n>p2 move freezedry\n>p1 switch 5\n>p2 move toxic\n>p1 move swordsdance\n>p2 move protect\n>p1 move meteormash dynamax\n>p2 move sparklingaria\n>p2 switch 5\n>p1 move meteormash dynamax\n>p2 move drainpunch dynamax\n>p1 move meteormash dynamax\n>p2 move bulkup dynamax\n>p1 move meteormash\n>p2 move drainpunch dynamax\n>p2 switch 4\n>p1 move closecombat\n>p2 move moonblast\n>p2 switch 6\n>p1 move closecombat\n>p2 move rapidspin", "uploadtime": 1685508201, "views": 5, "p1id": "derpyflareon", "p2id": "jacknightdragon", "formatid": "gen8randombattle", "rating": 0, "private": 0, "password": ""}