|j|☆fracture81
|j|☆Cozmog98
|t:|1683822628
|gametype|singles
|player|p1|fracture81|101|
|player|p2|Cozmog98|266|
|teamsize|p1|6
|teamsize|p2|6
|gen|8
|tier|[Gen 8] Random Battle
|rule|Species Clause: Limit one of each Pokémon
|rule|HP Percentage Mod: HP is shown in percentages
|rule|Sleep Clause Mod: Limit one foe put to sleep
|
|t:|1683822628
|start
|switch|p1a: Klinklang|Klinklang, L84|238/238
|switch|p2a: Ludicolo|Ludicolo, L86, M|278/278
|turn|1
|inactive|Battle timer is ON: inactive players will automatically lose when time's up. (requested by fracture81)
|
|t:|1683822646
|move|p1a: Klinklang|Wild Charge|p2a: Ludicolo
|-damage|p2a: Ludicolo|206/278
|-damage|p1a: Klinklang|220/238|[from] Recoil
|move|p2a: Ludicolo|Ice Beam|p1a: Klinklang
|-resisted|p1a: Klinklang
|-damage|p1a: Klinklang|177/238
|-damage|p2a: Ludicolo|179/278|[from] item: Life Orb
|
|-heal|p1a: Klinklang|191/238|[from] item: Leftovers
|upkeep
|turn|2
|
|t:|1683822659
|move|p1a: Klinklang|Substitute|p1a: Klinklang
|-start|p1a: Klinklang|Substitute
|-damage|p1a: Klinklang|132/238
|move|p2a: Ludicolo|Rain Dance|p2a: Ludicolo
|-weather|RainDance
|
|-weather|RainDance|[upkeep]
|-heal|p1a: Klinklang|146/238|[from] item: Leftovers
|upkeep
|turn|3
|
|t:|1683822667
|move|p2a: Ludicolo|Scald|p1a: Klinklang
|-end|p1a: Klinklang|Substitute
|-damage|p2a: Ludicolo|152/278|[from] item: Life Orb
|move|p1a: Klinklang|Shift Gear|p1a: Klinklang
|-boost|p1a: Klinklang|spe|2
|-boost|p1a: Klinklang|atk|1
|
|-weather|RainDance|[upkeep]
|-heal|p1a: Klinklang|160/238|[from] item: Leftovers
|upkeep
|turn|4
|
|t:|1683822680
|move|p1a: Klinklang|Gear Grind|p2a: Ludicolo
|-resisted|p2a: Ludicolo
|-damage|p2a: Ludicolo|102/278
|-resisted|p2a: Ludicolo
|-damage|p2a: Ludicolo|55/278
|-hitcount|p2a: Ludicolo|2
|move|p2a: Ludicolo|Scald|p1a: Klinklang
|-damage|p1a: Klinklang|0 fnt
|faint|p1a: Klinklang
|-damage|p2a: Ludicolo|28/278|[from] item: Life Orb
|
|-weather|RainDance|[upkeep]
|upkeep
|
|t:|1683822695
|switch|p1a: Rayquaza|Rayquaza, L74|277/277
|-ability|p1a: Rayquaza|Air Lock
|turn|5
|
|t:|1683822709
|move|p1a: Rayquaza|Earthquake|p2a: Ludicolo
|-resisted|p2a: Ludicolo
|-damage|p2a: Ludicolo|0 fnt
|faint|p2a: Ludicolo
|
|-weather|RainDance|[upkeep]
|upkeep
|
|t:|1683822719
|switch|p2a: Durant|Durant, L78, M|219/219
|turn|6
|
|t:|1683822731
|-start|p1a: Rayquaza|Dynamax|
|-heal|p1a: Rayquaza|554/554|[silent]
|move|p2a: Durant|Hone Claws|p2a: Durant
|-boost|p2a: Durant|atk|1
|-boost|p2a: Durant|accuracy|1
|move|p1a: Rayquaza|Max Flare|p2a: Durant
|-supereffective|p2a: Durant
|-damage|p2a: Durant|0 fnt
|-weather|SunnyDay
|faint|p2a: Durant
|
|-weather|SunnyDay|[upkeep]
|upkeep
|
|t:|1683822747
|switch|p2a: Nidoqueen|Nidoqueen, L84, F|288/288
|turn|7
|
|t:|1683822753
|-start|p2a: Nidoqueen|Dynamax|
|-heal|p2a: Nidoqueen|576/576|[silent]
|move|p1a: Rayquaza|Max Quake|p2a: Nidoqueen
|-supereffective|p2a: Nidoqueen
|-damage|p2a: Nidoqueen|362/576
|-boost|p1a: Rayquaza|spd|1
|move|p2a: Nidoqueen|Max Hailstorm|p1a: Rayquaza
|-supereffective|p1a: Rayquaza
|-damage|p1a: Rayquaza|237/554
|-weather|Hail
|-damage|p2a: Nidoqueen|334/576|[from] item: Life Orb
|
|-weather|Hail|[upkeep]
|upkeep
|turn|8
|
|t:|1683822770
|move|p1a: Rayquaza|Max Quake|p2a: Nidoqueen
|-supereffective|p2a: Nidoqueen
|-damage|p2a: Nidoqueen|114/576
|-boost|p1a: Rayquaza|spd|1
|move|p2a: Nidoqueen|Max Hailstorm|p1a: Rayquaza
|-supereffective|p1a: Rayquaza
|-damage|p1a: Rayquaza|34/554
|-damage|p2a: Nidoqueen|86/576|[from] item: Life Orb
|
|-weather|Hail|[upkeep]
|upkeep
|-end|p1a: Rayquaza|Dynamax
|-heal|p1a: Rayquaza|17/277|[silent]
|turn|9
|
|t:|1683822784
|move|p1a: Rayquaza|Earthquake|p2a: Nidoqueen
|-supereffective|p2a: Nidoqueen
|-damage|p2a: Nidoqueen|0 fnt
|faint|p2a: Nidoqueen
|
|-weather|Hail|[upkeep]
|upkeep
|
|t:|1683822795
|switch|p2a: Copperajah|Copperajah, L84, M|342/342
|turn|10
|
|t:|1683822804
|move|p1a: Rayquaza|V-create|p2a: Copperajah|[miss]
|-miss|p1a: Rayquaza|p2a: Copperajah
|move|p2a: Copperajah|Iron Head|p1a: Rayquaza
|-damage|p1a: Rayquaza|0 fnt
|faint|p1a: Rayquaza
|
|-weather|Hail|[upkeep]
|-damage|p2a: Copperajah|321/342|[from] Hail
|upkeep
|
|t:|1683822818
|switch|p1a: Dhelmise|Dhelmise, L86|261/261
|turn|11
|
|t:|1683822832
|move|p1a: Dhelmise|Poltergeist|p2a: Copperajah
|-activate|p2a: Copperajah|move: Poltergeist|Life Orb
|-damage|p2a: Copperajah|137/342
|move|p2a: Copperajah|Iron Head|p1a: Dhelmise
|-damage|p1a: Dhelmise|88/261
|
|-weather|none
|upkeep
|turn|12
|
|t:|1683822845
|move|p1a: Dhelmise|Poltergeist|p2a: Copperajah
|-activate|p2a: Copperajah|move: Poltergeist|Life Orb
|-damage|p2a: Copperajah|0 fnt
|faint|p2a: Copperajah
|
|upkeep
|
|t:|1683822855
|switch|p2a: Weezing|Weezing-Galar, L86, F|252/252
|-ability|p2a: Weezing|Neutralizing Gas
|turn|13
|
|t:|1683822864
|move|p2a: Weezing|Sludge Bomb|p1a: Dhelmise
|-damage|p1a: Dhelmise|27/261
|move|p1a: Dhelmise|Anchor Shot|p2a: Weezing
|-supereffective|p2a: Weezing
|-damage|p2a: Weezing|140/252
|-activate|p2a: Weezing|trapped
|
|-heal|p2a: Weezing|155/252|[from] item: Black Sludge
|upkeep
|turn|14
|
|t:|1683822880
|move|p2a: Weezing|Sludge Bomb|p1a: Dhelmise
|-damage|p1a: Dhelmise|0 fnt
|faint|p1a: Dhelmise
|
|-heal|p2a: Weezing|170/252|[from] item: Black Sludge
|upkeep
|
|t:|1683822889
|switch|p1a: Gengar|Gengar, L80, M|227/227
|turn|15
|
|t:|1683822906
|move|p1a: Gengar|Shadow Ball|p2a: Weezing
|-damage|p2a: Weezing|34/252
|-unboost|p2a: Weezing|spd|1
|-damage|p1a: Gengar|205/227|[from] item: Life Orb
|move|p2a: Weezing|Fire Blast|p1a: Gengar
|-damage|p1a: Gengar|112/227
|
|-heal|p2a: Weezing|49/252|[from] item: Black Sludge
|upkeep
|turn|16
|
|t:|1683822925
|move|p1a: Gengar|Shadow Ball|p2a: Weezing
|-damage|p2a: Weezing|0 fnt
|faint|p2a: Weezing
|-end|p2a: Weezing|ability: Neutralizing Gas
|-damage|p1a: Gengar|90/227|[from] item: Life Orb
|
|upkeep
|
|t:|1683822932
|switch|p2a: Conkeldurr|Conkeldurr, L80, F|299/299
|turn|17
|
|t:|1683822939
|move|p1a: Gengar|Sludge Wave|p2a: Conkeldurr
|-damage|p2a: Conkeldurr|87/299
|-damage|p1a: Gengar|68/227|[from] item: Life Orb
|move|p2a: Conkeldurr|Knock Off|p1a: Gengar
|-supereffective|p1a: Gengar
|-damage|p1a: Gengar|0 fnt
|-enditem|p1a: Gengar|Life Orb|[from] move: Knock Off|[of] p2a: Conkeldurr
|faint|p1a: Gengar
|
|-status|p2a: Conkeldurr|brn|[from] item: Flame Orb
|upkeep
|
|t:|1683822950
|switch|p1a: Gyarados|Gyarados, L76, F|269/269
|turn|18
|
|t:|1683822957
|move|p2a: Conkeldurr|Mach Punch|p1a: Gyarados
|-resisted|p1a: Gyarados
|-damage|p1a: Gyarados|222/269
|move|p1a: Gyarados|Waterfall|p2a: Conkeldurr
|-damage|p2a: Conkeldurr|5/299 brn
|
|-damage|p2a: Conkeldurr|0 fnt|[from] brn
|faint|p2a: Conkeldurr
|
|win|fracture81
|upkeep
|l|☆Cozmog98
