{"id": "gen8randombattle-1873959381", "p1": "Junaed_Senpai", "p2": "MeherabHB", "format": "[Gen 8] Random Battle", "log": "|j|\u2606Junaed_Senpai\n|j|\u2606MeherabHB\n|t:|1685449260\n|gametype|singles\n|player|p1|Junaed_Senpai|blackbelt-gen4|\n|player|p2|MeherabHB|benga|\n|teamsize|p1|6\n|teamsize|p2|6\n|gen|8\n|tier|[Gen 8] Random Battle\n|rule|Species Clause: Limit one of each Pok\u00e9mon\n|rule|HP Percentage Mod: HP is shown in percentages\n|rule|Sleep Clause Mod: Limit one foe put to sleep\n|\n|t:|1685449260\n|start\n|switch|p1a: Nidoqueen|Nidoqueen, L84, F|288/288\n|switch|p2a: Talonflame|Talonflame, L81, F|259/259\n|turn|1\n|inactive|Battle timer is ON: inactive players will automatically lose when time's up. (requested by MeherabHB)\n|\n|t:|1685449283\n|switch|p2a: Hippowdon|Hippowdon, L80, F|304/304\n|-weather|Sandstorm|[from] ability: Sand Stream|[of] p2a: Hippowdon\n|move|p1a: Nidoqueen|Earth Power|p2a: Hippowdon\n|-damage|p2a: Hippowdon|156/304\n|\n|-weather|Sandstorm|[upkeep]\n|-heal|p2a: Hippowdon|175/304|[from] item: Leftovers\n|upkeep\n|turn|2\n|\n|t:|1685449297\n|move|p1a: Nidoqueen|Stealth Rock|p2a: Hippowdon\n|-sidestart|p2: MeherabHB|move: Stealth Rock\n|move|p2a: Hippowdon|Earthquake|p1a: Nidoqueen\n|-supereffective|p1a: Nidoqueen\n|-damage|p1a: Nidoqueen|82/288\n|\n|-weather|Sandstorm|[upkeep]\n|-heal|p2a: Hippowdon|194/304|[from] item: Leftovers\n|upkeep\n|turn|3\n|\n|t:|1685449311\n|move|p1a: Nidoqueen|Ice Beam|p2a: Hippowdon\n|-supereffective|p2a: Hippowdon\n|-damage|p2a: Hippowdon|0 fnt\n|faint|p2a: Hippowdon\n|\n|-weather|Sandstorm|[upkeep]\n|upkeep\n|\n|t:|1685449332\n|switch|p2a: Wailord|Wailord, L90, F|452/452\n|-damage|p2a: Wailord|396/452|[from] Stealth Rock\n|turn|4\n|\n|t:|1685449352\n|move|p1a: Nidoqueen|Ice Beam|p2a: Wailord\n|-resisted|p2a: Wailord\n|-damage|p2a: Wailord|332/452\n|move|p2a: Wailord|Ice Beam|p1a: Nidoqueen\n|-supereffective|p1a: Nidoqueen\n|-damage|p1a: Nidoqueen|0 fnt\n|faint|p1a: Nidoqueen\n|\n|-weather|Sandstorm|[upkeep]\n|-damage|p2a: Wailord|304/452|[from] Sandstorm\n|upkeep\n|\n|t:|1685449365\n|switch|p1a: Zeraora|Zeraora, L76|259/259\n|turn|5\n|\n|t:|1685449378\n|switch|p2a: Corsola|Corsola-Galar, L84, M|238/238\n|-damage|p2a: Corsola|209/238|[from] Stealth Rock\n|move|p1a: Zeraora|Grass Knot|p2a: Corsola\n|-damage|p2a: Corsola|201/238\n|\n|-weather|none\n|upkeep\n|turn|6\n|inactive|Junaed_Senpai has 270 seconds left.\n|\n|t:|1685449394\n|move|p1a: Zeraora|Play Rough|p2a: Corsola\n|-damage|p2a: Corsola|166/238\n|move|p2a: Corsola|Stealth Rock|p1a: Zeraora\n|-sidestart|p1: Junaed_Senpai|move: Stealth Rock\n|\n|upkeep\n|turn|7\n|\n|t:|1685449406\n|move|p1a: Zeraora|Blaze Kick|p2a: Corsola\n|-damage|p2a: Corsola|129/238\n|move|p2a: Corsola|Strength Sap|p1a: Zeraora\n|-unboost|p1a: Zeraora|atk|1\n|-heal|p2a: Corsola|238/238\n|\n|upkeep\n|turn|8\n|inactive|Junaed_Senpai has 270 seconds left.\n|\n|t:|1685449437\n|move|p1a: Zeraora|Plasma Fists|p2a: Corsola\n|-damage|p2a: Corsola|193/238\n|-fieldactivate|move: Ion Deluge\n|-hint|Normal-type moves become Electric-type after using Plasma Fists.\n|-start|p1a: Zeraora|Disable|Plasma Fists|[from] ability: Cursed Body|[of] p2a: Corsola\n|move|p2a: Corsola|Will-O-Wisp|p1a: Zeraora\n|-status|p1a: Zeraora|brn\n|\n|-damage|p1a: Zeraora|243/259 brn|[from] brn\n|upkeep\n|turn|9\n|\n|t:|1685449456\n|move|p1a: Zeraora|Blaze Kick|p2a: Corsola\n|-damage|p2a: Corsola|182/238\n|move|p2a: Corsola|Night Shade|p1a: Zeraora\n|-damage|p1a: Zeraora|159/259 brn\n|\n|-damage|p1a: Zeraora|143/259 brn|[from] brn\n|upkeep\n|turn|10\n|\n|t:|1685449466\n|move|p1a: Zeraora|Grass Knot|p2a: Corsola\n|-damage|p2a: Corsola|174/238\n|move|p2a: Corsola|Strength Sap|p1a: Zeraora\n|-unboost|p1a: Zeraora|atk|1\n|-heal|p2a: Corsola|238/238\n|\n|-damage|p1a: Zeraora|127/259 brn|[from] brn\n|upkeep\n|turn|11\n|\n|t:|1685449482\n|switch|p1a: Leafeon|Leafeon, L86, M|252/252\n|-damage|p1a: Leafeon|221/252|[from] Stealth Rock\n|move|p2a: Corsola|Night Shade|p1a: Leafeon\n|-damage|p1a: Leafeon|137/252\n|\n|upkeep\n|turn|12\n|\n|t:|1685449504\n|switch|p2a: Talonflame|Talonflame, L81, F|259/259\n|move|p1a: Leafeon|Synthesis|p1a: Leafeon\n|-heal|p1a: Leafeon|252/252\n|\n|upkeep\n|turn|13\n|\n|t:|1685449520\n|switch|p1a: Lycanroc|Lycanroc-Midnight, L82, F|274/274\n|-damage|p1a: Lycanroc|240/274|[from] Stealth Rock\n|move|p2a: Talonflame|Flare Blitz|p1a: Lycanroc\n|-resisted|p1a: Lycanroc\n|-damage|p1a: Lycanroc|177/274\n|-damage|p2a: Talonflame|238/259|[from] Recoil\n|\n|upkeep\n|turn|14\n|inactive|Junaed_Senpai has 240 seconds left.\n|\n|t:|1685449536\n|switch|p2a: Wailord|Wailord, L90, F|304/452\n|-damage|p2a: Wailord|248/452|[from] Stealth Rock\n|move|p1a: Lycanroc|Swords Dance|p1a: Lycanroc\n|-boost|p1a: Lycanroc|atk|2\n|\n|upkeep\n|turn|15\n|inactive|Junaed_Senpai has 240 seconds left.\n|\n|t:|1685449556\n|move|p1a: Lycanroc|Stone Edge|p2a: Wailord\n|-damage|p2a: Wailord|0 fnt\n|faint|p2a: Wailord\n|-damage|p1a: Lycanroc|150/274|[from] item: Life Orb\n|\n|upkeep\n|\n|t:|1685449575\n|switch|p2a: Corsola|Corsola-Galar, L84, M|238/238\n|-damage|p2a: Corsola|209/238|[from] Stealth Rock\n|turn|16\n|inactive|Junaed_Senpai has 240 seconds left.\n|\n|t:|1685449596\n|move|p1a: Lycanroc|Iron Tail|p2a: Corsola\n|-damage|p2a: Corsola|99/238\n|-damage|p1a: Lycanroc|123/274|[from] item: Life Orb\n|move|p2a: Corsola|Strength Sap|p1a: Lycanroc\n|-unboost|p1a: Lycanroc|atk|1\n|-heal|p2a: Corsola|238/238\n|\n|upkeep\n|turn|17\n|\n|t:|1685449606\n|move|p1a: Lycanroc|Swords Dance|p1a: Lycanroc\n|-boost|p1a: Lycanroc|atk|2\n|move|p2a: Corsola|Night Shade|p1a: Lycanroc\n|-damage|p1a: Lycanroc|39/274\n|\n|upkeep\n|turn|18\n|\n|t:|1685449613\n|move|p1a: Lycanroc|Stone Edge|p2a: Corsola\n|-damage|p2a: Corsola|27/238\n|-damage|p1a: Lycanroc|12/274|[from] item: Life Orb\n|move|p2a: Corsola|Night Shade|p1a: Lycanroc\n|-damage|p1a: Lycanroc|0 fnt\n|faint|p1a: Lycanroc\n|\n|upkeep\n|inactive|Junaed_Senpai has 210 seconds left.\n|inactive|Junaed_Senpai has 180 seconds left.\n|\n|t:|1685449688\n|switch|p1a: Zeraora|Zeraora, L76|127/259 brn\n|-damage|p1a: Zeraora|95/259 brn|[from] Stealth Rock\n|turn|19\n|\n|t:|1685449702\n|move|p1a: Zeraora|Plasma Fists|p2a: Corsola\n|-damage|p2a: Corsola|0 fnt\n|-fieldactivate|move: Ion Deluge\n|-hint|Normal-type moves become Electric-type after using Plasma Fists.\n|faint|p2a: Corsola\n|\n|-damage|p1a: Zeraora|79/259 brn|[from] brn\n|upkeep\n|\n|t:|1685449713\n|switch|p2a: Talonflame|Talonflame, L81, F|238/259\n|turn|20\n|inactive|Junaed_Senpai has 180 seconds left.\n|\n|t:|1685449721\n|move|p1a: Zeraora|Plasma Fists|p2a: Talonflame\n|-supereffective|p2a: Talonflame\n|-damage|p2a: Talonflame|120/259\n|-fieldactivate|move: Ion Deluge\n|-hint|Normal-type moves become Electric-type after using Plasma Fists.\n|move|p2a: Talonflame|Flare Blitz|p1a: Zeraora\n|-damage|p1a: Zeraora|0 fnt\n|faint|p1a: Zeraora\n|-damage|p2a: Talonflame|94/259|[from] Recoil\n|\n|upkeep\n|inactive|Junaed_Senpai has 180 seconds left.\n|\n|t:|1685449729\n|switch|p1a: Leafeon|Leafeon, L86, M|252/252\n|-damage|p1a: Leafeon|221/252|[from] Stealth Rock\n|turn|21\n|\n|t:|1685449739\n|switch|p1a: Marshadow|Marshadow, L70|242/242\n|-damage|p1a: Marshadow|227/242|[from] Stealth Rock\n|move|p2a: Talonflame|Flare Blitz|p1a: Marshadow\n|-damage|p1a: Marshadow|106/242\n|-damage|p2a: Talonflame|54/259|[from] Recoil\n|\n|upkeep\n|turn|22\n|\n|t:|1685449753\n|move|p2a: Talonflame|Brave Bird|p1a: Marshadow\n|-supereffective|p1a: Marshadow\n|-damage|p1a: Marshadow|0 fnt\n|faint|p1a: Marshadow\n|-damage|p2a: Talonflame|19/259|[from] Recoil\n|\n|upkeep\n|\n|t:|1685449758\n|switch|p1a: Kommo-o|Kommo-o, L80, M|251/251\n|-damage|p1a: Kommo-o|236/251|[from] Stealth Rock\n|turn|23\n|\n|t:|1685449785\n|move|p2a: Talonflame|Brave Bird|p1a: Kommo-o\n|-supereffective|p1a: Kommo-o\n|-damage|p1a: Kommo-o|60/251\n|-damage|p2a: Talonflame|0 fnt|[from] Recoil\n|faint|p2a: Talonflame\n|move|p1a: Kommo-o|Clangorous Soul||[still]\n|-fail|p1a: Kommo-o\n|\n|upkeep\n|\n|t:|1685449794\n|switch|p2a: Primarina|Primarina, L82, M|265/265\n|-damage|p2a: Primarina|232/265|[from] Stealth Rock\n|turn|24\n|\n|t:|1685449811\n|move|p2a: Primarina|Moonblast|p1a: Kommo-o\n|-supereffective|p1a: Kommo-o\n|-damage|p1a: Kommo-o|0 fnt\n|faint|p1a: Kommo-o\n|\n|upkeep\n|\n|t:|1685449814\n|switch|p1a: Leafeon|Leafeon, L86, M|221/252\n|-damage|p1a: Leafeon|190/252|[from] Stealth Rock\n|turn|25\n|\n|t:|1685449820\n|switch|p2a: Centiskorch|Centiskorch, L84, M|305/305\n|move|p1a: Leafeon|Leaf Blade|p2a: Centiskorch\n|-resisted|p2a: Centiskorch\n|-damage|p2a: Centiskorch|262/305\n|-damage|p1a: Leafeon|165/252|[from] item: Life Orb\n|\n|upkeep\n|turn|26\n|\n|t:|1685449835\n|-start|p2a: Centiskorch|Dynamax|\n|-heal|p2a: Centiskorch|524/610|[silent]\n|move|p1a: Leafeon|Knock Off|p2a: Centiskorch\n|-damage|p2a: Centiskorch|390/610\n|-enditem|p2a: Centiskorch|Heavy-Duty Boots|[from] move: Knock Off|[of] p1a: Leafeon\n|-damage|p1a: Leafeon|140/252|[from] item: Life Orb\n|move|p2a: Centiskorch|Max Flutterby|p1a: Leafeon\n|-supereffective|p1a: Leafeon\n|-damage|p1a: Leafeon|0 fnt\n|faint|p1a: Leafeon\n|\n|win|MeherabHB\n|l|\u2606MeherabHB\n|j|\u2606MeherabHB\n|player|p2|MeherabHB|benga\n", "inputlog": ">version 6fec31d5a0d4498a06105aa188c9906bc0b6bf95\n>start {\"formatid\":\"gen8randombattle\",\"seed\":[62339,56366,23674,34495]}\n>player p1 {\"name\":\"Junaed_Senpai\",\"avatar\":\"blackbelt-gen4\",\"rating\":0,\"seed\":[55829,28198,1937,40715]}\n>player p2 {\"name\":\"MeherabHB\",\"avatar\":\"benga\",\"rating\":0,\"seed\":[24522,43485,46582,31295]}\n>p1 move earthpower\n>p2 switch 4\n>p1 move stealthrock\n>p2 move earthquake\n>p1 move icebeam\n>p2 move earthquake\n>p2 switch 5\n>p1 move icebeam\n>p2 move icebeam\n>p1 switch 6\n>p1 move grassknot\n>p2 switch 2\n>p1 move playrough\n>p2 move stealthrock\n>p1 move blazekick\n>p2 move strengthsap\n>p1 move plasmafists\n>p2 move willowisp\n>p1 move blazekick\n>p2 move nightshade\n>p1 move grassknot\n>p2 move strengthsap\n>p1 switch 4\n>p2 move nightshade\n>p1 move synthesis\n>p2 switch 4\n>p1 switch 2\n>p2 move flareblitz\n>p1 move swordsdance\n>p2 switch 2\n>p1 move stoneedge\n>p2 move waterspout\n>p2 switch 4\n>p1 move irontail\n>p2 move strengthsap\n>p1 move swordsdance\n>p2 move nightshade\n>p1 move stoneedge\n>p2 move nightshade\n>p1 switch 4\n>p1 move plasmafists\n>p2 move strengthsap\n>p2 switch 2\n>p1 move plasmafists\n>p2 move flareblitz\n>p1 switch 2\n>p1 switch 5\n>p2 move flareblitz\n>p1 move spectralthief\n>p2 move bravebird\n>p1 switch 3\n>p1 move clangoroussoul\n>p2 move bravebird\n>p2 switch 6\n>p1 move clangingscales\n>p2 move moonblast\n>p1 switch 5\n>p1 move leafblade\n>p2 switch 3\n>p1 move knockoff\n>p2 move leechlife dynamax", "uploadtime": 1685449923, "views": 4, "p1id": "junaedsenpai", "p2id": "meherabhb", "formatid": "gen8randombattle", "rating": 0, "private": 0, "password": ""}