|j|☆ibaiq8
|j|☆krokeinsanoV
|t:|1685429722
|gametype|singles
|player|p1|ibaiq8|2|1069
|player|p2|krokeinsanoV|170|1000
|teamsize|p1|6
|teamsize|p2|6
|gen|8
|tier|[Gen 8] Random Battle
|rated|
|rule|Species Clause: Limit one of each Pokémon
|rule|HP Percentage Mod: HP is shown in percentages
|rule|Sleep Clause Mod: Limit one foe put to sleep
|
|t:|1685429722
|start
|switch|p1a: Linoone|Linoone, L84, F|268/268
|switch|p2a: Thundurus|Thundurus, L80, M|258/258
|turn|1
|c|☆krokeinsanoV|hi
|c|☆krokeinsanoV|im new xD
|
|t:|1685429757
|move|p2a: Thundurus|Nasty Plot|p2a: Thundurus
|-boost|p2a: Thundurus|spa|2
|move|p1a: Linoone|Belly Drum|p1a: Linoone
|-damage|p1a: Linoone|134/268
|-setboost|p1a: Linoone|atk|6|[from] move: Belly Drum
|-enditem|p1a: Linoone|Mago Berry|[eat]
|-heal|p1a: Linoone|223/268|[from] item: Mago Berry
|
|upkeep
|turn|2
|
|t:|1685429782
|move|p1a: Linoone|Extreme Speed|p2a: Thundurus
|-damage|p2a: Thundurus|0 fnt
|faint|p2a: Thundurus
|
|upkeep
|j| IwataniYukine
|
|t:|1685429827
|switch|p2a: Sandslash|Sandslash-Alola, L86, M|269/269
|turn|3
|c| IwataniYukine|kroke nuv
|
|t:|1685429839
|move|p1a: Linoone|Stomping Tantrum|p2a: Sandslash
|-supereffective|p2a: Sandslash
|-damage|p2a: Sandslash|27/269
|move|p2a: Sandslash|Triple Axel|p1a: Linoone
|-damage|p1a: Linoone|183/268
|-damage|p1a: Linoone|100/268
|-damage|p1a: Linoone|0 fnt
|faint|p1a: Linoone
|-hitcount|p1: Linoone|3
|-damage|p2a: Sandslash|1/269|[from] item: Life Orb
|
|upkeep
|c|☆krokeinsanoV|broooo
|
|t:|1685429868
|switch|p1a: Thievul|Thievul, L86, M|261/261
|turn|4
|c|☆krokeinsanoV|q uso un puto atake q le kita 40 y le sube un x4 de atake y dps le regenera la vida :v
|
|t:|1685429884
|switch|p2a: Urshifu|Urshifu-Rapid-Strike, L78, M|284/284
|move|p1a: Thievul|Dark Pulse|p2a: Urshifu
|-resisted|p2a: Urshifu
|-damage|p2a: Urshifu|174/284
|
|-heal|p2a: Urshifu|191/284|[from] item: Leftovers
|upkeep
|turn|5
|
|t:|1685429913
|move|p1a: Thievul|Grass Knot|p2a: Urshifu
|-supereffective|p2a: Urshifu
|-damage|p2a: Urshifu|0 fnt
|faint|p2a: Urshifu
|
|upkeep
|
|t:|1685429921
|switch|p2a: Heracross|Heracross, L82, F|265/265
|turn|6
|
|t:|1685429942
|move|p1a: Thievul|Psychic|p2a: Heracross
|-supereffective|p2a: Heracross
|-damage|p2a: Heracross|119/265
|move|p2a: Heracross|Close Combat|p1a: Thievul
|-supereffective|p1a: Thievul
|-damage|p1a: Thievul|0 fnt
|-unboost|p2a: Heracross|def|1
|-unboost|p2a: Heracross|spd|1
|faint|p1a: Thievul
|
|-status|p2a: Heracross|brn|[from] item: Flame Orb
|upkeep
|c|☆krokeinsanoV|ibaiq8 chupame el culo kbron
|c|☆krokeinsanoV|vengaaaa
|c|☆krokeinsanoV|a casa malo
|
|t:|1685429957
|switch|p1a: Mew|Mew, L80|291/291
|turn|7
|c|☆krokeinsanoV|nuv
|c|☆krokeinsanoV|nuv
|c|☆krokeinsanoV|:v
|
|t:|1685429974
|move|p1a: Mew|Psychic Fangs|p2a: Heracross
|-supereffective|p2a: Heracross
|-damage|p2a: Heracross|0 fnt
|faint|p2a: Heracross
|
|upkeep
|l|☆ibaiq8
|player|p1|
|
|t:|1685429983
|switch|p2a: Musharna|Musharna, L86, M|340/340
|turn|8
|j|☆ibaiq8
|player|p1|ibaiq8|2
|
|t:|1685430009
|move|p1a: Mew|Swords Dance|p1a: Mew
|-boost|p1a: Mew|atk|2
|move|p2a: Musharna|Calm Mind|p2a: Musharna
|-boost|p2a: Musharna|spa|1
|-boost|p2a: Musharna|spd|1
|
|upkeep
|turn|9
|
|t:|1685430028
|move|p1a: Mew|Swords Dance|p1a: Mew
|-boost|p1a: Mew|atk|2
|move|p2a: Musharna|Calm Mind|p2a: Musharna
|-boost|p2a: Musharna|spa|1
|-boost|p2a: Musharna|spd|1
|
|upkeep
|turn|10
|
|t:|1685430044
|move|p1a: Mew|Flare Blitz|p2a: Musharna
|-damage|p2a: Musharna|112/340
|-damage|p1a: Mew|216/291|[from] Recoil
|move|p2a: Musharna|Calm Mind|p2a: Musharna
|-boost|p2a: Musharna|spa|1
|-boost|p2a: Musharna|spd|1
|
|-heal|p2a: Musharna|133/340|[from] item: Leftovers
|upkeep
|turn|11
|
|t:|1685430059
|move|p1a: Mew|Brave Bird|p2a: Musharna
|-damage|p2a: Musharna|0 fnt
|faint|p2a: Musharna
|-damage|p1a: Mew|172/291|[from] Recoil
|
|upkeep
|-message|krokeinsanoV forfeited.
|
|win|ibaiq8
|raw|ibaiq8's rating: 1069 &rarr; <strong>1093</strong><br />(+24 for winning)
|raw|krokeinsanoV's rating: 1000 &rarr; <strong>1000</strong><br />(+0 for losing)
