|j|☆toxozk
|j|☆KJ.nyc
|t:|1683819098
|gametype|singles
|player|p1|toxozk|caitlin|1413
|player|p2|KJ.nyc|hilbert|1455
|teamsize|p1|6
|teamsize|p2|6
|gen|8
|tier|[Gen 8] Random Battle
|rated|
|rule|Species Clause: Limit one of each Pokémon
|rule|HP Percentage Mod: HP is shown in percentages
|rule|Sleep Clause Mod: Limit one foe put to sleep
|
|t:|1683819098
|start
|switch|p1a: Unfezant|Unfezant, L84, F|271/271
|switch|p2a: Bronzong|Bronzong, L83|247/247
|turn|1
|inactive|Battle timer is ON: inactive players will automatically lose when time's up. (requested by toxozk)
|c|☆KJ.nyc|glhf
|c|☆toxozk|gl
|
|t:|1683819126
|move|p1a: Unfezant|U-turn|p2a: Bronzong
|-damage|p2a: Bronzong|203/247
|
|t:|1683819132
|switch|p1a: Galvantula|Galvantula, L82, M|249/249|[from] U-turn
|move|p2a: Bronzong|Toxic|p1a: Galvantula
|-status|p1a: Galvantula|tox
|
|-heal|p2a: Bronzong|218/247|[from] item: Leftovers
|-damage|p1a: Galvantula|234/249 tox|[from] psn
|upkeep
|turn|2
|
|t:|1683819140
|move|p2a: Bronzong|Protect|p2a: Bronzong
|-singleturn|p2a: Bronzong|Protect
|move|p1a: Galvantula|Sticky Web|p2a: Bronzong
|-sidestart|p2: KJ.nyc|move: Sticky Web
|
|-heal|p2a: Bronzong|233/247|[from] item: Leftovers
|-damage|p1a: Galvantula|204/249 tox|[from] psn
|upkeep
|turn|3
|
|t:|1683819143
|move|p1a: Galvantula|Thunder|p2a: Bronzong|[miss]
|-miss|p1a: Galvantula|p2a: Bronzong
|move|p2a: Bronzong|Stealth Rock|p1a: Galvantula
|-sidestart|p1: toxozk|move: Stealth Rock
|
|-heal|p2a: Bronzong|247/247|[from] item: Leftovers
|-damage|p1a: Galvantula|159/249 tox|[from] psn
|upkeep
|turn|4
|
|t:|1683819154
|move|p2a: Bronzong|Protect|p2a: Bronzong
|-singleturn|p2a: Bronzong|Protect
|move|p1a: Galvantula|Volt Switch|p2a: Bronzong
|-activate|p2a: Bronzong|move: Protect
|
|-damage|p1a: Galvantula|99/249 tox|[from] psn
|upkeep
|turn|5
|
|t:|1683819162
|switch|p2a: Whiscash|Whiscash, L86, M|329/329
|-activate|p2a: Whiscash|move: Sticky Web
|-unboost|p2a: Whiscash|spe|1
|move|p1a: Galvantula|Bug Buzz|p2a: Whiscash
|-damage|p2a: Whiscash|229/329
|
|-damage|p1a: Galvantula|24/249 tox|[from] psn
|upkeep
|turn|6
|
|t:|1683819169
|move|p1a: Galvantula|Bug Buzz|p2a: Whiscash
|-damage|p2a: Whiscash|130/329
|move|p2a: Whiscash|Dragon Dance|p2a: Whiscash
|-boost|p2a: Whiscash|atk|1
|-boost|p2a: Whiscash|spe|1
|
|-damage|p1a: Galvantula|0 fnt|[from] psn
|faint|p1a: Galvantula
|upkeep
|inactive|toxozk has 120 seconds left.
|
|t:|1683819204
|switch|p1a: Seismitoad|Seismitoad, L84, M|314/314
|-damage|p1a: Seismitoad|295/314|[from] Stealth Rock
|turn|7
|inactive|toxozk has 120 seconds left.
|
|t:|1683819209
|move|p1a: Seismitoad|Liquidation|p2a: Whiscash
|-damage|p2a: Whiscash|0 fnt
|faint|p2a: Whiscash
|-damage|p1a: Seismitoad|264/314|[from] item: Life Orb
|
|upkeep
|
|t:|1683819218
|switch|p2a: Vaporeon|Vaporeon, L84, M|356/356
|-activate|p2a: Vaporeon|move: Sticky Web
|-unboost|p2a: Vaporeon|spe|1
|turn|8
|
|t:|1683819227
|move|p1a: Seismitoad|Stealth Rock|p2a: Vaporeon
|-sidestart|p2: KJ.nyc|move: Stealth Rock
|move|p2a: Vaporeon|Toxic|p1a: Seismitoad
|-status|p1a: Seismitoad|tox
|
|-damage|p1a: Seismitoad|245/314 tox|[from] psn
|upkeep
|turn|9
|
|t:|1683819239
|move|p1a: Seismitoad|Earthquake|p2a: Vaporeon
|-damage|p2a: Vaporeon|192/356
|-damage|p1a: Seismitoad|214/314 tox|[from] item: Life Orb
|move|p2a: Vaporeon|Scald|p1a: Seismitoad
|-heal|p1a: Seismitoad|292/314 tox|[from] ability: Water Absorb|[of] p2a: Vaporeon
|
|-heal|p2a: Vaporeon|214/356|[from] item: Leftovers
|-damage|p1a: Seismitoad|254/314 tox|[from] psn
|upkeep
|turn|10
|
|t:|1683819248
|move|p2a: Vaporeon|Protect|p2a: Vaporeon
|-singleturn|p2a: Vaporeon|Protect
|move|p1a: Seismitoad|Earthquake|p2a: Vaporeon
|-activate|p2a: Vaporeon|move: Protect
|
|-heal|p2a: Vaporeon|236/356|[from] item: Leftovers
|-damage|p1a: Seismitoad|197/314 tox|[from] psn
|upkeep
|turn|11
|
|t:|1683819258
|switch|p2a: Bronzong|Bronzong, L83|247/247
|-damage|p2a: Bronzong|232/247|[from] Stealth Rock
|move|p1a: Seismitoad|Earthquake|p2a: Bronzong
|-immune|p2a: Bronzong|[from] ability: Levitate
|
|-heal|p2a: Bronzong|247/247|[from] item: Leftovers
|-damage|p1a: Seismitoad|121/314 tox|[from] psn
|upkeep
|turn|12
|
|t:|1683819266
|move|p1a: Seismitoad|Earthquake|p2a: Bronzong
|-immune|p2a: Bronzong|[from] ability: Levitate
|move|p2a: Bronzong|Iron Head|p1a: Seismitoad
|-resisted|p1a: Seismitoad
|-damage|p1a: Seismitoad|76/314 tox
|
|-damage|p1a: Seismitoad|0 fnt|[from] psn
|faint|p1a: Seismitoad
|upkeep
|
|t:|1683819269
|switch|p1a: Tornadus|Tornadus-Therian, L78, M|251/251
|-damage|p1a: Tornadus|189/251|[from] Stealth Rock
|turn|13
|
|t:|1683819274
|move|p1a: Tornadus|Knock Off|p2a: Bronzong
|-supereffective|p2a: Bronzong
|-damage|p2a: Bronzong|147/247
|-enditem|p2a: Bronzong|Leftovers|[from] move: Knock Off|[of] p1a: Tornadus
|move|p2a: Bronzong|Toxic|p1a: Tornadus
|-status|p1a: Tornadus|tox
|
|-damage|p1a: Tornadus|174/251 tox|[from] psn
|upkeep
|turn|14
|
|t:|1683819280
|move|p2a: Bronzong|Protect|p2a: Bronzong
|-singleturn|p2a: Bronzong|Protect
|move|p1a: Tornadus|U-turn|p2a: Bronzong
|-activate|p2a: Bronzong|move: Protect
|
|-damage|p1a: Tornadus|144/251 tox|[from] psn
|upkeep
|turn|15
|-message|toxozk forfeited.
|
|win|KJ.nyc
|raw|toxozk's rating: 1413 &rarr; <strong>1395</strong><br />(-18 for losing)
|raw|KJ.nyc's rating: 1455 &rarr; <strong>1473</strong><br />(+18 for winning)
|l|☆toxozk
