{"id": "gen8randombattle-1865325758", "p1": "Libra3544", "p2": "Tttsmbx dj", "format": "[Gen 8] Random Battle", "log": "|j|\u2606Libra3544\n|j|\u2606Tttsmbx dj\n|t:|1684273707\n|gametype|singles\n|player|p1|Libra3544|lucas|1094\n|player|p2|Tttsmbx dj|169|1000\n|teamsize|p1|6\n|teamsize|p2|6\n|gen|8\n|tier|[Gen 8] Random Battle\n|rated|\n|rule|Species Clause: Limit one of each Pok\u00e9mon\n|rule|HP Percentage Mod: HP is shown in percentages\n|rule|Sleep Clause Mod: Limit one foe put to sleep\n|\n|t:|1684273707\n|start\n|switch|p1a: Persian|Persian-Alola, L82, M|241/241\n|switch|p2a: Heracross|Heracross, L82, F|265/265\n|turn|1\n|\n|t:|1684273718\n|switch|p1a: Incineroar|Incineroar, L80, M|283/283\n|-ability|p1a: Incineroar|Intimidate|boost\n|-unboost|p2a: Heracross|atk|1\n|move|p2a: Heracross|Close Combat|p1a: Incineroar\n|-supereffective|p1a: Incineroar\n|-damage|p1a: Incineroar|89/283\n|-unboost|p2a: Heracross|def|1\n|-unboost|p2a: Heracross|spd|1\n|\n|-status|p2a: Heracross|brn|[from] item: Flame Orb\n|upkeep\n|turn|2\n|\n|t:|1684273739\n|move|p2a: Heracross|Facade|p1a: Incineroar\n|-damage|p1a: Incineroar|0 fnt\n|faint|p1a: Incineroar\n|\n|-damage|p2a: Heracross|249/265 brn|[from] brn\n|upkeep\n|\n|t:|1684273747\n|switch|p1a: Persian|Persian-Alola, L82, M|241/241\n|turn|3\n|\n|t:|1684273754\n|move|p1a: Persian|Hypnosis||[still]\n|-fail|p1a: Persian\n|move|p2a: Heracross|Close Combat|p1a: Persian\n|-supereffective|p1a: Persian\n|-damage|p1a: Persian|49/241\n|-unboost|p2a: Heracross|def|1\n|-unboost|p2a: Heracross|spd|1\n|\n|-damage|p2a: Heracross|233/265 brn|[from] brn\n|upkeep\n|turn|4\n|\n|t:|1684273766\n|switch|p2a: Tapu Koko|Tapu Koko, L78|237/237\n|-fieldstart|move: Electric Terrain|[from] ability: Electric Surge|[of] p2a: Tapu Koko\n|move|p1a: Persian|Thunderbolt|p2a: Tapu Koko\n|-resisted|p2a: Tapu Koko\n|-damage|p2a: Tapu Koko|201/237\n|\n|-heal|p2a: Tapu Koko|215/237|[from] item: Leftovers\n|upkeep\n|turn|5\n|\n|t:|1684273785\n|move|p2a: Tapu Koko|Substitute|p2a: Tapu Koko\n|-start|p2a: Tapu Koko|Substitute\n|-damage|p2a: Tapu Koko|156/237\n|move|p1a: Persian|Hypnosis||[still]\n|-fail|p1a: Persian\n|\n|-heal|p2a: Tapu Koko|170/237|[from] item: Leftovers\n|upkeep\n|turn|6\n|\n|t:|1684273802\n|switch|p1a: Tsareena|Tsareena, L84, F|258/258\n|move|p2a: Tapu Koko|Calm Mind|p2a: Tapu Koko\n|-boost|p2a: Tapu Koko|spa|1\n|-boost|p2a: Tapu Koko|spd|1\n|\n|-heal|p2a: Tapu Koko|184/237|[from] item: Leftovers\n|upkeep\n|turn|7\n|\n|t:|1684273815\n|move|p2a: Tapu Koko|Dazzling Gleam|p1a: Tsareena\n|-damage|p1a: Tsareena|150/258\n|move|p1a: Tsareena|Power Whip|p2a: Tapu Koko|[miss]\n|-miss|p1a: Tsareena|p2a: Tapu Koko\n|\n|-heal|p2a: Tapu Koko|198/237|[from] item: Leftovers\n|upkeep\n|turn|8\n|\n|t:|1684273826\n|move|p2a: Tapu Koko|Calm Mind|p2a: Tapu Koko\n|-boost|p2a: Tapu Koko|spa|1\n|-boost|p2a: Tapu Koko|spd|1\n|move|p1a: Tsareena|High Jump Kick|p2a: Tapu Koko\n|-resisted|p2a: Tapu Koko\n|-end|p2a: Tapu Koko|Substitute\n|-damage|p1a: Tsareena|125/258|[from] item: Life Orb\n|\n|-heal|p2a: Tapu Koko|212/237|[from] item: Leftovers\n|-fieldend|move: Electric Terrain\n|upkeep\n|turn|9\n|\n|t:|1684273843\n|move|p2a: Tapu Koko|Dazzling Gleam|p1a: Tsareena\n|-damage|p1a: Tsareena|0 fnt\n|faint|p1a: Tsareena\n|\n|-heal|p2a: Tapu Koko|226/237|[from] item: Leftovers\n|upkeep\n|\n|t:|1684273850\n|switch|p1a: Persian|Persian-Alola, L82, M|49/241\n|turn|10\n|\n|t:|1684273856\n|move|p2a: Tapu Koko|Dazzling Gleam|p1a: Persian\n|-supereffective|p1a: Persian\n|-damage|p1a: Persian|0 fnt\n|faint|p1a: Persian\n|\n|-heal|p2a: Tapu Koko|237/237|[from] item: Leftovers\n|upkeep\n|\n|t:|1684273862\n|switch|p1a: Melmetal|Melmetal, L74|322/322\n|turn|11\n|\n|t:|1684273871\n|move|p2a: Tapu Koko|Substitute|p2a: Tapu Koko\n|-start|p2a: Tapu Koko|Substitute\n|-damage|p2a: Tapu Koko|178/237\n|move|p1a: Melmetal|Thunder Wave|p2a: Tapu Koko|[miss]\n|-miss|p1a: Melmetal|p2a: Tapu Koko\n|\n|-heal|p2a: Tapu Koko|192/237|[from] item: Leftovers\n|upkeep\n|turn|12\n|\n|t:|1684273880\n|move|p2a: Tapu Koko|Calm Mind|p2a: Tapu Koko\n|-boost|p2a: Tapu Koko|spa|1\n|-boost|p2a: Tapu Koko|spd|1\n|move|p1a: Melmetal|Earthquake|p2a: Tapu Koko\n|-supereffective|p2a: Tapu Koko\n|-end|p2a: Tapu Koko|Substitute\n|\n|-heal|p2a: Tapu Koko|206/237|[from] item: Leftovers\n|upkeep\n|turn|13\n|\n|t:|1684273900\n|-start|p2a: Tapu Koko|Dynamax|\n|-heal|p2a: Tapu Koko|412/474|[silent]\n|move|p2a: Tapu Koko|Max Lightning|p1a: Melmetal\n|-damage|p1a: Melmetal|0 fnt\n|-fieldstart|move: Electric Terrain\n|faint|p1a: Melmetal\n|\n|-heal|p2a: Tapu Koko|426/474|[from] item: Leftovers\n|upkeep\n|\n|t:|1684273910\n|switch|p1a: Sandslash|Sandslash, L86, M|269/269\n|turn|14\n|\n|t:|1684273915\n|move|p2a: Tapu Koko|Max Starfall|p1a: Sandslash\n|-damage|p1a: Sandslash|0 fnt\n|-fieldstart|move: Misty Terrain\n|faint|p1a: Sandslash\n|\n|-heal|p2a: Tapu Koko|440/474|[from] item: Leftovers\n|upkeep\n|\n|t:|1684273923\n|switch|p1a: Xerneas|Xerneas, L67|280/280\n|-ability|p1a: Xerneas|Fairy Aura\n|turn|15\n|\n|t:|1684273931\n|move|p2a: Tapu Koko|Max Starfall|p1a: Xerneas\n|-damage|p1a: Xerneas|0 fnt\n|faint|p1a: Xerneas\n|\n|win|Tttsmbx dj\n|raw|Libra3544's rating: 1094 &rarr; <strong>1064</strong><br />(-30 for losing)\n|raw|Tttsmbx dj's rating: 1000 &rarr; <strong>1051</strong><br />(+51 for winning)\n|c|\u2606Libra3544|gg\n|l|\u2606Libra3544\n", "inputlog": ">version a86fbaffe903c4a7274c53376b849908390bb49d\n>start {\"formatid\":\"gen8randombattle\",\"seed\":[6176,38155,50276,4241],\"rated\":\"Rated battle\"}\n>player p1 {\"name\":\"Libra3544\",\"avatar\":\"lucas\",\"rating\":1094,\"seed\":[22720,46780,48930,35331]}\n>player p2 {\"name\":\"Tttsmbx dj\",\"avatar\":\"169\",\"rating\":1000,\"seed\":[26118,40836,35021,6913]}\n>p1 switch 4\n>p2 move closecombat\n>p1 move flareblitz\n>p2 move facade\n>p1 switch 4\n>p1 move hypnosis\n>p2 move closecombat\n>p1 move thunderbolt\n>p2 switch 6\n>p1 move hypnosis\n>p2 move substitute\n>p1 switch 3\n>p2 move calmmind\n>p1 move powerwhip\n>p2 move dazzlinggleam\n>p1 move highjumpkick\n>p2 move calmmind\n>p1 move synthesis\n>p2 move dazzlinggleam\n>p1 switch 3\n>p1 move hypnosis\n>p2 move dazzlinggleam\n>p1 switch 2\n>p1 move thunderwave\n>p2 move substitute\n>p1 move earthquake\n>p2 move calmmind\n>p1 move doubleironbash\n>p2 move thunderbolt dynamax\n>p1 switch 6\n>p1 move earthquake\n>p2 move dazzlinggleam dynamax\n>p1 switch 5\n>p1 move moonblast\n>p2 move dazzlinggleam dynamax", "uploadtime": 1684273940, "views": 10, "p1id": "libra3544", "p2id": "tttsmbxdj", "formatid": "gen8randombattle", "rating": 1051, "private": 0, "password": ""}