{"id": "gen8randombattle-1871538180", "p1": "JAJO3800", "p2": "LightMale", "format": "[Gen 8] Random Battle", "log": "|j|\u2606JAJO3800\n|j|\u2606LightMale\n|t:|1685104488\n|gametype|singles\n|player|p1|JAJO3800|crasherwake|\n|player|p2|LightMale|fisherman-gen4|\n|teamsize|p1|6\n|teamsize|p2|6\n|gen|8\n|tier|[Gen 8] Random Battle\n|rule|Species Clause: Limit one of each Pok\u00e9mon\n|rule|HP Percentage Mod: HP is shown in percentages\n|rule|Sleep Clause Mod: Limit one foe put to sleep\n|\n|t:|1685104488\n|start\n|switch|p1a: Decidueye|Decidueye, L86, F|274/274\n|switch|p2a: Eldegoss|Eldegoss, L90, F|254/254\n|turn|1\n|inactive|Battle timer is ON: inactive players will automatically lose when time's up. (requested by LightMale)\n|c|\u2606LightMale|Hello?\n|\n|t:|1685104516\n|move|p1a: Decidueye|Swords Dance|p1a: Decidueye\n|-boost|p1a: Decidueye|atk|2\n|move|p2a: Eldegoss|Pollen Puff|p1a: Decidueye\n|-damage|p1a: Decidueye|214/274\n|\n|upkeep\n|turn|2\n|\n|t:|1685104528\n|move|p1a: Decidueye|Poltergeist|p2a: Eldegoss\n|-activate|p2a: Eldegoss|move: Poltergeist|Leftovers\n|-damage|p2a: Eldegoss|29/254\n|move|p2a: Eldegoss|Pollen Puff|p1a: Decidueye\n|-damage|p1a: Decidueye|160/274\n|\n|-heal|p2a: Eldegoss|44/254|[from] item: Leftovers\n|upkeep\n|turn|3\n|inactiveoff|Battle timer is now OFF.\n|\n|t:|1685104539\n|move|p1a: Decidueye|Poltergeist|p2a: Eldegoss\n|-activate|p2a: Eldegoss|move: Poltergeist|Leftovers\n|-damage|p2a: Eldegoss|0 fnt\n|faint|p2a: Eldegoss\n|\n|upkeep\n|\n|t:|1685104550\n|switch|p2a: Steelix|Steelix, L84, F|263/263\n|turn|4\n|\n|t:|1685104554\n|move|p1a: Decidueye|Leaf Blade|p2a: Steelix\n|-crit|p2a: Steelix\n|-damage|p2a: Steelix|101/263\n|move|p2a: Steelix|Dragon Dance|p2a: Steelix\n|-boost|p2a: Steelix|atk|1\n|-boost|p2a: Steelix|spe|1\n|\n|-heal|p2a: Steelix|117/263|[from] item: Leftovers\n|upkeep\n|turn|5\n|\n|t:|1685104563\n|move|p1a: Decidueye|Leaf Blade|p2a: Steelix\n|-damage|p2a: Steelix|3/263\n|move|p2a: Steelix|Heavy Slam|p1a: Decidueye\n|-damage|p1a: Decidueye|0 fnt\n|faint|p1a: Decidueye\n|\n|-heal|p2a: Steelix|19/263|[from] item: Leftovers\n|upkeep\n|\n|t:|1685104571\n|switch|p1a: Espeon|Espeon, L82, M|241/241\n|turn|6\n|\n|t:|1685104575\n|move|p1a: Espeon|Shadow Ball|p2a: Steelix\n|-crit|p2a: Steelix\n|-damage|p2a: Steelix|0 fnt\n|faint|p2a: Steelix\n|-damage|p1a: Espeon|217/241|[from] item: Life Orb\n|\n|upkeep\n|\n|t:|1685104585\n|switch|p2a: Sigilyph|Sigilyph, L83, F|255/255\n|turn|7\n|inactive|Battle timer is ON: inactive players will automatically lose when time's up. (requested by JAJO3800)\n|\n|t:|1685104608\n|move|p1a: Espeon|Shadow Ball|p2a: Sigilyph\n|-supereffective|p2a: Sigilyph\n|-damage|p2a: Sigilyph|78/255\n|-damage|p1a: Espeon|193/241|[from] item: Life Orb\n|move|p2a: Sigilyph|Air Slash|p1a: Espeon\n|-damage|p1a: Espeon|79/241\n|\n|upkeep\n|turn|8\n|\n|t:|1685104616\n|move|p1a: Espeon|Shadow Ball|p2a: Sigilyph\n|-supereffective|p2a: Sigilyph\n|-damage|p2a: Sigilyph|0 fnt\n|faint|p2a: Sigilyph\n|-damage|p1a: Espeon|55/241|[from] item: Life Orb\n|\n|upkeep\n|\n|t:|1685104627\n|switch|p2a: Grimmsnarl|Grimmsnarl, L82, M|290/290\n|turn|9\n|\n|t:|1685104632\n|move|p2a: Grimmsnarl|Sucker Punch|p1a: Espeon\n|-supereffective|p1a: Espeon\n|-damage|p1a: Espeon|0 fnt\n|faint|p1a: Espeon\n|-damage|p2a: Grimmsnarl|261/290|[from] item: Life Orb\n|\n|upkeep\n|\n|t:|1685104642\n|switch|p1a: Carbink|Carbink, L86|226/226\n|turn|10\n|\n|t:|1685104655\n|move|p2a: Grimmsnarl|Bulk Up|p2a: Grimmsnarl\n|-boost|p2a: Grimmsnarl|atk|1\n|-boost|p2a: Grimmsnarl|def|1\n|move|p1a: Carbink|Moonblast|p2a: Grimmsnarl\n|-supereffective|p2a: Grimmsnarl\n|-damage|p2a: Grimmsnarl|117/290\n|\n|upkeep\n|turn|11\n|\n|t:|1685104665\n|move|p2a: Grimmsnarl|Darkest Lariat|p1a: Carbink\n|-resisted|p1a: Carbink\n|-damage|p1a: Carbink|166/226\n|-damage|p2a: Grimmsnarl|88/290|[from] item: Life Orb\n|move|p1a: Carbink|Body Press|p2a: Grimmsnarl\n|-damage|p2a: Grimmsnarl|16/290\n|\n|upkeep\n|turn|12\n|\n|t:|1685104673\n|move|p2a: Grimmsnarl|Play Rough|p1a: Carbink\n|-damage|p1a: Carbink|41/226\n|-damage|p2a: Grimmsnarl|0 fnt|[from] item: Life Orb\n|faint|p2a: Grimmsnarl\n|move|p1a: Carbink|Moonblast|p2: Grimmsnarl|[notarget]\n|-fail|p1a: Carbink\n|\n|upkeep\n|\n|t:|1685104677\n|switch|p2a: Raichu|Raichu-Alola, L84, F|238/238\n|turn|13\n|\n|t:|1685104686\n|move|p2a: Raichu|Psyshock|p1a: Carbink\n|-damage|p1a: Carbink|0 fnt\n|faint|p1a: Carbink\n|\n|upkeep\n|\n|t:|1685104691\n|switch|p1a: Tapu Bulu|Tapu Bulu, L82|249/249\n|-fieldstart|move: Grassy Terrain|[from] ability: Grassy Surge|[of] p1a: Tapu Bulu\n|turn|14\n|\n|t:|1685104699\n|move|p2a: Raichu|Psyshock|p1a: Tapu Bulu\n|-damage|p1a: Tapu Bulu|138/249\n|move|p1a: Tapu Bulu|Swords Dance|p1a: Tapu Bulu\n|-boost|p1a: Tapu Bulu|atk|2\n|\n|-heal|p1a: Tapu Bulu|153/249|[from] Grassy Terrain\n|upkeep\n|turn|15\n|\n|t:|1685104708\n|move|p2a: Raichu|Psyshock|p1a: Tapu Bulu\n|-damage|p1a: Tapu Bulu|54/249\n|move|p1a: Tapu Bulu|Close Combat|p2a: Raichu\n|-resisted|p2a: Raichu\n|-damage|p2a: Raichu|29/238\n|-unboost|p1a: Tapu Bulu|def|1\n|-unboost|p1a: Tapu Bulu|spd|1\n|-damage|p1a: Tapu Bulu|30/249|[from] item: Life Orb\n|\n|-heal|p2a: Raichu|43/238|[from] Grassy Terrain\n|-heal|p1a: Tapu Bulu|45/249|[from] Grassy Terrain\n|upkeep\n|turn|16\n|\n|t:|1685104720\n|move|p2a: Raichu|Psyshock|p1a: Tapu Bulu\n|-damage|p1a: Tapu Bulu|0 fnt\n|faint|p1a: Tapu Bulu\n|\n|-heal|p2a: Raichu|57/238|[from] Grassy Terrain\n|upkeep\n|\n|t:|1685104725\n|switch|p1a: Golurk|Golurk, L82|280/280\n|turn|17\n|\n|t:|1685104731\n|move|p2a: Raichu|Psyshock|p1a: Golurk\n|-damage|p1a: Golurk|148/280\n|move|p1a: Golurk|Dynamic Punch|p2a: Raichu\n|-resisted|p2a: Raichu\n|-damage|p2a: Raichu|0 fnt\n|faint|p2a: Raichu\n|-damage|p1a: Golurk|120/280|[from] item: Life Orb\n|\n|-heal|p1a: Golurk|137/280|[from] Grassy Terrain\n|upkeep\n|\n|t:|1685104734\n|switch|p2a: Virizion|Virizion, L82|283/283\n|turn|18\n|\n|t:|1685104755\n|move|p2a: Virizion|Leaf Blade|p1a: Golurk\n|-supereffective|p1a: Golurk\n|-damage|p1a: Golurk|0 fnt\n|faint|p1a: Golurk\n|\n|-fieldend|move: Grassy Terrain\n|upkeep\n|\n|t:|1685104761\n|switch|p1a: Cinccino|Cinccino, L84, M|263/263\n|turn|19\n|\n|t:|1685104768\n|move|p1a: Cinccino|Rock Blast|p2a: Virizion\n|-resisted|p2a: Virizion\n|-crit|p2a: Virizion\n|-damage|p2a: Virizion|260/283\n|-resisted|p2a: Virizion\n|-damage|p2a: Virizion|243/283\n|-resisted|p2a: Virizion\n|-crit|p2a: Virizion\n|-damage|p2a: Virizion|219/283\n|-resisted|p2a: Virizion\n|-damage|p2a: Virizion|203/283\n|-resisted|p2a: Virizion\n|-damage|p2a: Virizion|186/283\n|-hitcount|p2a: Virizion|5\n|move|p2a: Virizion|Swords Dance|p2a: Virizion\n|-boost|p2a: Virizion|atk|2\n|\n|upkeep\n|turn|20\n|\n|t:|1685104784\n|-start|p1a: Cinccino|Dynamax|\n|-heal|p1a: Cinccino|526/526|[silent]\n|move|p1a: Cinccino|Max Flutterby|p2a: Virizion\n|-damage|p2a: Virizion|83/283\n|-unboost|p2a: Virizion|spa|1\n|move|p2a: Virizion|Close Combat|p1a: Cinccino\n|-supereffective|p1a: Cinccino\n|-damage|p1a: Cinccino|0 fnt\n|-unboost|p2a: Virizion|def|1\n|-unboost|p2a: Virizion|spd|1\n|faint|p1a: Cinccino\n|\n|win|LightMale\n", "inputlog": ">version 61c68e60481ef09071210320730fc448fef50368\n>start {\"formatid\":\"gen8randombattle\",\"seed\":[28619,38701,49011,54651]}\n>player p1 {\"name\":\"JAJO3800\",\"avatar\":\"crasherwake\",\"rating\":0,\"seed\":[34337,34546,53114,23095]}\n>player p2 {\"name\":\"LightMale\",\"avatar\":\"fisherman-gen4\",\"rating\":0,\"seed\":[48662,20282,169,50081]}\n>chat \u2606LightMale|Hello?\n>p1 move swordsdance\n>p2 move pollenpuff\n>p1 move poltergeist\n>p2 move pollenpuff\n>p1 move poltergeist\n>p2 move pollenpuff\n>p2 switch 3\n>p1 move leafblade\n>p2 move dragondance\n>p1 move leafblade\n>p2 move heavyslam\n>p1 switch 5\n>p1 move shadowball\n>p2 move heavyslam\n>p2 switch 5\n>p1 move shadowball\n>p2 move airslash\n>p1 move shadowball\n>p2 move airslash\n>p2 switch 6\n>p1 move dazzlinggleam\n>p2 move suckerpunch\n>p1 switch 4\n>p1 move moonblast\n>p2 move bulkup\n>p1 move bodypress\n>p2 move darkestlariat\n>p1 move moonblast\n>p2 move playrough\n>p2 switch 2\n>p1 move moonblast\n>p2 move psyshock\n>p1 switch 3\n>p1 move swordsdance\n>p2 move psyshock\n>p1 move closecombat\n>p2 move psyshock\n>p1 move closecombat\n>p2 move psyshock\n>p1 switch 2\n>p1 move dynamicpunch\n>p2 move psyshock\n>p2 switch 4\n>p1 move dynamicpunch\n>p2 move leafblade\n>p1 switch 6\n>p1 move rockblast\n>p2 move swordsdance\n>p1 move uturn dynamax\n>p2 move closecombat", "uploadtime": 1685104788, "views": 4, "p1id": "jajo3800", "p2id": "lightmale", "formatid": "gen8randombattle", "rating": 0, "private": 0, "password": ""}