{"id": "gen8randombattle-1872885997", "p1": "zazzary", "p2": "Damm u captcha", "format": "[Gen 8] Random Battle", "log": "|j|\u2606zazzary\n|j|\u2606Damm u captcha\n|t:|1685296848\n|gametype|singles\n|player|p1|zazzary|170|\n|player|p2|Damm u captcha|#teamskymin|\n|teamsize|p1|6\n|teamsize|p2|6\n|gen|8\n|tier|[Gen 8] Random Battle\n|rule|Species Clause: Limit one of each Pok\u00e9mon\n|rule|HP Percentage Mod: HP is shown in percentages\n|rule|Sleep Clause Mod: Limit one foe put to sleep\n|\n|t:|1685296848\n|start\n|switch|p1a: Cofagrigus|Cofagrigus, L86, M|240/240\n|switch|p2a: Braviary|Braviary, L82, M|298/298\n|turn|1\n|inactive|Battle timer is ON: inactive players will automatically lose when time's up. (requested by zazzary)\n|\n|t:|1685296871\n|move|p2a: Braviary|Brave Bird|p1a: Cofagrigus\n|-damage|p1a: Cofagrigus|137/240\n|-activate|p1a: Cofagrigus|ability: Mummy|Defiant|[of] p2a: Braviary\n|-damage|p2a: Braviary|264/298|[from] Recoil\n|move|p1a: Cofagrigus|Will-O-Wisp|p2a: Braviary\n|-status|p2a: Braviary|brn\n|\n|-heal|p1a: Cofagrigus|152/240|[from] item: Leftovers\n|-damage|p2a: Braviary|246/298 brn|[from] brn\n|upkeep\n|turn|2\n|\n|t:|1685296889\n|switch|p2a: Vileplume|Vileplume, L84, M|263/263\n|move|p1a: Cofagrigus|Shadow Ball|p2a: Vileplume\n|-damage|p2a: Vileplume|179/263\n|\n|-heal|p2a: Vileplume|195/263|[from] item: Black Sludge\n|-heal|p1a: Cofagrigus|167/240|[from] item: Leftovers\n|upkeep\n|turn|3\n|\n|t:|1685296898\n|move|p2a: Vileplume|Aromatherapy|p2a: Vileplume\n|-activate|p2a: Vileplume|move: Aromatherapy\n|-curestatus|p2: Braviary|brn|[msg]\n|move|p1a: Cofagrigus|Will-O-Wisp|p2a: Vileplume\n|-status|p2a: Vileplume|brn\n|\n|-heal|p2a: Vileplume|211/263 brn|[from] item: Black Sludge\n|-heal|p1a: Cofagrigus|182/240|[from] item: Leftovers\n|-damage|p2a: Vileplume|195/263 brn|[from] brn\n|upkeep\n|turn|4\n|\n|t:|1685296915\n|move|p2a: Vileplume|Sludge Bomb|p1a: Cofagrigus\n|-resisted|p1a: Cofagrigus\n|-damage|p1a: Cofagrigus|138/240\n|move|p1a: Cofagrigus|Body Press|p2a: Vileplume\n|-resisted|p2a: Vileplume\n|-damage|p2a: Vileplume|155/263 brn\n|\n|-heal|p2a: Vileplume|171/263 brn|[from] item: Black Sludge\n|-heal|p1a: Cofagrigus|153/240|[from] item: Leftovers\n|-damage|p2a: Vileplume|155/263 brn|[from] brn\n|upkeep\n|turn|5\n|\n|t:|1685296928\n|move|p2a: Vileplume|Giga Drain|p1a: Cofagrigus\n|-damage|p1a: Cofagrigus|83/240\n|-heal|p2a: Vileplume|190/263 brn|[from] drain|[of] p1a: Cofagrigus\n|move|p1a: Cofagrigus|Shadow Ball|p2a: Vileplume\n|-damage|p2a: Vileplume|96/263 brn\n|\n|-heal|p2a: Vileplume|112/263 brn|[from] item: Black Sludge\n|-heal|p1a: Cofagrigus|98/240|[from] item: Leftovers\n|-damage|p2a: Vileplume|96/263 brn|[from] brn\n|upkeep\n|turn|6\n|\n|t:|1685296939\n|move|p2a: Vileplume|Strength Sap|p1a: Cofagrigus\n|-unboost|p1a: Cofagrigus|atk|1\n|-heal|p2a: Vileplume|187/263 brn\n|move|p1a: Cofagrigus|Shadow Ball|p2a: Vileplume\n|-damage|p2a: Vileplume|102/263 brn\n|\n|-heal|p2a: Vileplume|118/263 brn|[from] item: Black Sludge\n|-heal|p1a: Cofagrigus|113/240|[from] item: Leftovers\n|-damage|p2a: Vileplume|102/263 brn|[from] brn\n|upkeep\n|turn|7\n|\n|t:|1685296950\n|switch|p2a: Braviary|Braviary, L82, M|246/298\n|move|p1a: Cofagrigus|Shadow Ball|p2a: Braviary\n|-immune|p2a: Braviary\n|\n|-heal|p1a: Cofagrigus|128/240|[from] item: Leftovers\n|upkeep\n|turn|8\n|\n|t:|1685296960\n|move|p2a: Braviary|Brave Bird|p1a: Cofagrigus\n|-damage|p1a: Cofagrigus|29/240\n|-activate|p1a: Cofagrigus|ability: Mummy|Defiant|[of] p2a: Braviary\n|-damage|p2a: Braviary|213/298|[from] Recoil\n|move|p1a: Cofagrigus|Will-O-Wisp|p2a: Braviary|[miss]\n|-miss|p1a: Cofagrigus|p2a: Braviary\n|\n|-heal|p1a: Cofagrigus|44/240|[from] item: Leftovers\n|upkeep\n|turn|9\n|\n|t:|1685296972\n|move|p2a: Braviary|Brave Bird|p1a: Cofagrigus\n|-damage|p1a: Cofagrigus|0 fnt\n|faint|p1a: Cofagrigus\n|-damage|p2a: Braviary|198/298|[from] Recoil\n|\n|upkeep\n|\n|t:|1685296979\n|switch|p1a: Weezing|Weezing, L86, M|252/252\n|turn|10\n|\n|t:|1685297002\n|switch|p2a: Sigilyph|Sigilyph, L83, F|255/255\n|move|p1a: Weezing|Toxic Spikes|p2a: Sigilyph\n|-sidestart|p2: Damm u captcha|move: Toxic Spikes\n|\n|upkeep\n|turn|11\n|\n|t:|1685297015\n|move|p2a: Sigilyph|Psychic|p1a: Weezing\n|-supereffective|p1a: Weezing\n|-damage|p1a: Weezing|0 fnt\n|faint|p1a: Weezing\n|\n|upkeep\n|\n|t:|1685297028\n|switch|p1a: Cloyster|Cloyster, L80, M|211/211\n|turn|12\n|inactive|Damm u captcha has 270 seconds left.\n|\n|t:|1685297067\n|move|p2a: Sigilyph|Energy Ball|p1a: Cloyster\n|-supereffective|p1a: Cloyster\n|-damage|p1a: Cloyster|0 fnt\n|faint|p1a: Cloyster\n|\n|upkeep\n|\n|t:|1685297075\n|switch|p1a: Darmanitan|Darmanitan-Galar, L78, M|291/291\n|turn|13\n|inactive|Damm u captcha has 270 seconds left.\n|\n|t:|1685297092\n|move|p1a: Darmanitan|Icicle Crash|p2a: Sigilyph\n|-supereffective|p2a: Sigilyph\n|-damage|p2a: Sigilyph|0 fnt\n|faint|p2a: Sigilyph\n|\n|upkeep\n|\n|t:|1685297096\n|switch|p2a: Vileplume|Vileplume, L84, M|102/263 brn\n|-sideend|p2: Damm u captcha|move: Toxic Spikes|[of] p2a: Vileplume\n|turn|14\n|\n|t:|1685297099\n|switch|p2a: Suicune|Suicune, L80|291/291\n|-ability|p2a: Suicune|Pressure\n|move|p1a: Darmanitan|Icicle Crash|p2a: Suicune\n|-resisted|p2a: Suicune\n|-damage|p2a: Suicune|220/291\n|\n|-heal|p2a: Suicune|238/291|[from] item: Leftovers\n|upkeep\n|turn|15\n|\n|t:|1685297115\n|switch|p1a: Magearna|Magearna, L76|247/247\n|move|p2a: Suicune|Scald|p1a: Magearna\n|-damage|p1a: Magearna|175/247\n|\n|-heal|p2a: Suicune|256/291|[from] item: Leftovers\n|-heal|p1a: Magearna|190/247|[from] item: Leftovers\n|upkeep\n|turn|16\n|\n|t:|1685297127\n|move|p2a: Suicune|Calm Mind|p2a: Suicune\n|-boost|p2a: Suicune|spa|1\n|-boost|p2a: Suicune|spd|1\n|move|p1a: Magearna|Calm Mind|p1a: Magearna\n|-boost|p1a: Magearna|spa|1\n|-boost|p1a: Magearna|spd|1\n|\n|-heal|p2a: Suicune|274/291|[from] item: Leftovers\n|-heal|p1a: Magearna|205/247|[from] item: Leftovers\n|upkeep\n|turn|17\n|\n|t:|1685297136\n|-start|p2a: Suicune|Dynamax|\n|-heal|p2a: Suicune|548/582|[silent]\n|move|p2a: Suicune|Max Geyser|p1a: Magearna\n|-damage|p1a: Magearna|103/247\n|-weather|RainDance\n|move|p1a: Magearna|Agility|p1a: Magearna\n|-boost|p1a: Magearna|spe|2\n|\n|-weather|RainDance|[upkeep]\n|-heal|p1a: Magearna|118/247|[from] item: Leftovers\n|-heal|p2a: Suicune|566/582|[from] item: Leftovers\n|upkeep\n|turn|18\n|\n|t:|1685297152\n|move|p1a: Magearna|Flash Cannon|p2a: Suicune\n|-resisted|p2a: Suicune\n|-crit|p2a: Suicune\n|-damage|p2a: Suicune|477/582\n|move|p2a: Suicune|Max Geyser|p1a: Magearna\n|-damage|p1a: Magearna|0 fnt\n|faint|p1a: Magearna\n|\n|-weather|RainDance|[upkeep]\n|-heal|p2a: Suicune|495/582|[from] item: Leftovers\n|upkeep\n|\n|t:|1685297161\n|switch|p1a: Raichu|Raichu-Alola, L84, F|238/238\n|turn|19\n|\n|t:|1685297166\n|move|p1a: Raichu|Thunderbolt|p2a: Suicune\n|-supereffective|p2a: Suicune\n|-damage|p2a: Suicune|327/582\n|move|p2a: Suicune|Max Geyser|p1a: Raichu\n|-damage|p1a: Raichu|0 fnt\n|faint|p1a: Raichu\n|\n|-weather|RainDance|[upkeep]\n|-heal|p2a: Suicune|345/582|[from] item: Leftovers\n|upkeep\n|\n|t:|1685297174\n|switch|p1a: Darmanitan|Darmanitan-Galar, L78, M|291/291\n|-end|p2a: Suicune|Dynamax\n|-heal|p2a: Suicune|173/291|[silent]\n|turn|20\n|\n|t:|1685297183\n|move|p1a: Darmanitan|Icicle Crash|p2a: Suicune\n|-resisted|p2a: Suicune\n|-damage|p2a: Suicune|102/291\n|move|p2a: Suicune|Scald|p1a: Darmanitan\n|-damage|p1a: Darmanitan|30/291\n|\n|-weather|RainDance|[upkeep]\n|-heal|p2a: Suicune|120/291|[from] item: Leftovers\n|upkeep\n|turn|21\n|\n|t:|1685297191\n|move|p1a: Darmanitan|Icicle Crash|p2a: Suicune\n|-resisted|p2a: Suicune\n|-damage|p2a: Suicune|57/291\n|move|p2a: Suicune|Scald|p1a: Darmanitan\n|-damage|p1a: Darmanitan|0 fnt\n|faint|p1a: Darmanitan\n|\n|win|Damm u captcha\n|c|\u2606Damm u captcha|gg\n|c|\u2606zazzary|gg! Ready for round 2\n|c|\u2606Damm u captcha|i'm\n|l|\u2606zazzary\n|l|\u2606Damm u captcha\n|j|\u2606Damm u captcha\n|player|p2|Damm u captcha|#teamskymin\n", "inputlog": ">version d74822bbc74c095aa312053f7034baee3068d99e\n>start {\"formatid\":\"gen8randombattle\",\"seed\":[49700,43261,1520,36546]}\n>player p1 {\"name\":\"zazzary\",\"avatar\":\"170\",\"rating\":0,\"seed\":[2160,64898,54786,51002]}\n>player p2 {\"name\":\"Damm u captcha\",\"avatar\":\"#teamskymin\",\"rating\":0,\"seed\":[26280,20053,7619,47578]}\n>p1 move willowisp\n>p2 move bravebird\n>p1 move shadowball\n>p2 switch 3\n>p1 move willowisp\n>p2 move aromatherapy\n>p1 move bodypress\n>p2 move sludgebomb\n>p1 move shadowball\n>p2 move gigadrain\n>p1 move shadowball\n>p2 move strengthsap\n>p1 move shadowball\n>p2 switch 3\n>p1 move willowisp\n>p2 move bravebird\n>p1 move memento\n>p2 move bravebird\n>p1 switch 4\n>p1 move toxicspikes\n>p2 switch 2\n>p1 move sludgebomb\n>p2 move psychic\n>p1 switch 2\n>p1 move iciclespear\n>p2 move energyball\n>p1 switch 6\n>p1 move iciclecrash\n>p2 move psychic\n>p2 switch 3\n>p1 move iciclecrash\n>p2 switch 4\n>p1 switch 5\n>p2 move scald\n>p1 move calmmind\n>p2 move calmmind\n>p1 move agility\n>p2 move scald dynamax\n>p1 move flashcannon\n>p2 move scald dynamax\n>p1 switch 3\n>p1 move thunderbolt\n>p2 move scald dynamax\n>p1 switch 5\n>p1 move iciclecrash\n>p2 move scald\n>p1 move iciclecrash\n>p2 move scald", "uploadtime": 1685296881, "views": 6, "p1id": "zazzary", "p2id": "dammucaptcha", "formatid": "gen8randombattle", "rating": 0, "private": 0, "password": ""}