{"id": "gen8randombattle-1861720287", "p1": "ProRedGamer37", "p2": "Registry", "format": "[Gen 8] Random Battle", "log": "|j|\u2606ProRedGamer37\n|j|\u2606Registry\n|t:|1683799759\n|gametype|singles\n|player|p1|ProRedGamer37|101|1090\n|player|p2|Registry|gentleman-gen4|1050\n|teamsize|p1|6\n|teamsize|p2|6\n|gen|8\n|tier|[Gen 8] Random Battle\n|rated|\n|rule|Species Clause: Limit one of each Pok\u00e9mon\n|rule|HP Percentage Mod: HP is shown in percentages\n|rule|Sleep Clause Mod: Limit one foe put to sleep\n|\n|t:|1683799759\n|start\n|switch|p1a: Omastar|Omastar, L82, M|249/249\n|switch|p2a: Unfezant|Unfezant, L84, F|271/271\n|turn|1\n|\n|t:|1683799774\n|move|p2a: Unfezant|U-turn|p1a: Omastar\n|-damage|p1a: Omastar|207/249\n|\n|t:|1683799784\n|switch|p2a: Espeon|Espeon, L82, M|241/241|[from] U-turn\n|move|p1a: Omastar|Ice Beam|p2a: Espeon\n|-damage|p2a: Espeon|172/241\n|\n|-heal|p2a: Espeon|187/241|[from] item: Leftovers\n|upkeep\n|turn|2\n|\n|t:|1683799803\n|move|p2a: Espeon|Dazzling Gleam|p1a: Omastar\n|-damage|p1a: Omastar|127/249\n|move|p1a: Omastar|Hydro Pump|p2a: Espeon|[miss]\n|-miss|p1a: Omastar|p2a: Espeon\n|\n|-heal|p2a: Espeon|202/241|[from] item: Leftovers\n|upkeep\n|turn|3\n|\n|t:|1683799820\n|move|p2a: Espeon|Psychic|p1a: Omastar\n|-damage|p1a: Omastar|0 fnt\n|faint|p1a: Omastar\n|\n|-heal|p2a: Espeon|217/241|[from] item: Leftovers\n|upkeep\n|\n|t:|1683799828\n|switch|p1a: Golurk|Golurk, L82|280/280\n|turn|4\n|\n|t:|1683799838\n|move|p2a: Espeon|Psychic|p1a: Golurk\n|-damage|p1a: Golurk|160/280\n|move|p1a: Golurk|Poltergeist|p2a: Espeon\n|-activate|p2a: Espeon|move: Poltergeist|Leftovers\n|-supereffective|p2a: Espeon\n|-damage|p2a: Espeon|0 fnt\n|faint|p2a: Espeon\n|-damage|p1a: Golurk|132/280|[from] item: Life Orb\n|\n|upkeep\n|\n|t:|1683799849\n|switch|p2a: Tauros|Tauros, L82, M|257/257\n|turn|5\n|\n|t:|1683799857\n|move|p2a: Tauros|Throat Chop|p1a: Golurk\n|-supereffective|p1a: Golurk\n|-damage|p1a: Golurk|0 fnt\n|faint|p1a: Golurk\n|\n|upkeep\n|\n|t:|1683799874\n|switch|p1a: Mr. Mime|Mr. Mime-Galar, L86, F|226/226\n|turn|6\n|\n|t:|1683799881\n|move|p2a: Tauros|Throat Chop|p1a: Mr. Mime\n|-supereffective|p1a: Mr. Mime\n|-damage|p1a: Mr. Mime|73/226\n|move|p1a: Mr. Mime|Focus Blast|p2a: Tauros|[miss]\n|-miss|p1a: Mr. Mime|p2a: Tauros\n|\n|upkeep\n|turn|7\n|\n|t:|1683799890\n|switch|p1a: Goodra|Goodra, L82, M|282/282\n|move|p2a: Tauros|Throat Chop|p1a: Goodra\n|-damage|p1a: Goodra|175/282\n|\n|upkeep\n|turn|8\n|\n|t:|1683799902\n|move|p2a: Tauros|Zen Headbutt|p1a: Goodra\n|-damage|p1a: Goodra|68/282\n|move|p1a: Goodra|Draco Meteor|p2a: Tauros\n|-damage|p2a: Tauros|89/257\n|-unboost|p1a: Goodra|spa|2\n|\n|upkeep\n|turn|9\n|\n|t:|1683799913\n|switch|p1a: Raichu|Raichu-Alola, L84, M|238/238\n|move|p2a: Tauros|Throat Chop|p1a: Raichu\n|-supereffective|p1a: Raichu\n|-damage|p1a: Raichu|0 fnt\n|faint|p1a: Raichu\n|\n|upkeep\n|\n|t:|1683799919\n|switch|p1a: Lycanroc|Lycanroc-Midnight, L82, F|274/274\n|turn|10\n|\n|t:|1683799927\n|move|p2a: Tauros|Throat Chop|p1a: Lycanroc\n|-damage|p1a: Lycanroc|166/274\n|move|p1a: Lycanroc|Close Combat|p2a: Tauros\n|-supereffective|p2a: Tauros\n|-damage|p2a: Tauros|0 fnt\n|-unboost|p1a: Lycanroc|def|1\n|-unboost|p1a: Lycanroc|spd|1\n|faint|p2a: Tauros\n|-damage|p1a: Lycanroc|139/274|[from] item: Life Orb\n|\n|upkeep\n|\n|t:|1683799941\n|switch|p2a: Tentacruel|Tentacruel, L84, M|272/272\n|turn|11\n|\n|t:|1683799956\n|move|p2a: Tentacruel|Scald|p1a: Lycanroc\n|-supereffective|p1a: Lycanroc\n|-damage|p1a: Lycanroc|0 fnt\n|faint|p1a: Lycanroc\n|\n|upkeep\n|\n|t:|1683799962\n|switch|p1a: Mr. Mime|Mr. Mime-Galar, L86, F|73/226\n|turn|12\n|\n|t:|1683799969\n|-start|p1a: Mr. Mime|Dynamax|\n|-heal|p1a: Mr. Mime|146/452|[silent]\n|move|p1a: Mr. Mime|Max Mindstorm|p2a: Tentacruel\n|-supereffective|p2a: Tentacruel\n|-damage|p2a: Tentacruel|62/272\n|-fieldstart|move: Psychic Terrain\n|move|p2a: Tentacruel|Knock Off|p1a: Mr. Mime\n|-supereffective|p1a: Mr. Mime\n|-damage|p1a: Mr. Mime|52/452\n|-enditem|p1a: Mr. Mime|Eviolite|[from] move: Knock Off|[of] p2a: Tentacruel\n|\n|-heal|p2a: Tentacruel|79/272|[from] item: Black Sludge\n|upkeep\n|turn|13\n|\n|t:|1683799983\n|move|p1a: Mr. Mime|Max Mindstorm|p2a: Tentacruel\n|-supereffective|p2a: Tentacruel\n|-damage|p2a: Tentacruel|0 fnt\n|faint|p2a: Tentacruel\n|\n|upkeep\n|\n|t:|1683799993\n|switch|p2a: Unfezant|Unfezant, L84, F|271/271\n|turn|14\n|\n|t:|1683799999\n|move|p1a: Mr. Mime|Max Hailstorm|p2a: Unfezant\n|-supereffective|p2a: Unfezant\n|-damage|p2a: Unfezant|0 fnt\n|-weather|Hail\n|faint|p2a: Unfezant\n|\n|-weather|Hail|[upkeep]\n|upkeep\n|\n|t:|1683800006\n|switch|p2a: Comfey|Comfey, L86, M|228/228\n|-end|p1a: Mr. Mime|Dynamax\n|-heal|p1a: Mr. Mime|26/226|[silent]\n|turn|15\n|\n|t:|1683800015\n|move|p2a: Comfey|Giga Drain|p1a: Mr. Mime\n|-activate|p1a: Mr. Mime|move: Psychic Terrain\n|move|p1a: Mr. Mime|Freeze-Dry|p2a: Comfey\n|-damage|p2a: Comfey|171/228\n|\n|-weather|Hail|[upkeep]\n|-damage|p2a: Comfey|157/228|[from] Hail\n|upkeep\n|turn|16\n|\n|t:|1683800025\n|move|p2a: Comfey|Draining Kiss|p1a: Mr. Mime\n|-activate|p1a: Mr. Mime|move: Psychic Terrain\n|move|p1a: Mr. Mime|Psychic|p2a: Comfey\n|-damage|p2a: Comfey|55/228\n|\n|-weather|Hail|[upkeep]\n|-damage|p2a: Comfey|41/228|[from] Hail\n|-fieldend|move: Psychic Terrain\n|upkeep\n|turn|17\n|\n|t:|1683800033\n|move|p1a: Mr. Mime|Psychic|p2a: Comfey\n|-damage|p2a: Comfey|0 fnt\n|faint|p2a: Comfey\n|\n|-weather|Hail|[upkeep]\n|upkeep\n|\n|t:|1683800038\n|switch|p2a: Hawlucha|Hawlucha, L80, F|256/256\n|turn|18\n|\n|t:|1683800046\n|move|p2a: Hawlucha|Brave Bird|p1a: Mr. Mime\n|-damage|p1a: Mr. Mime|0 fnt\n|faint|p1a: Mr. Mime\n|-damage|p2a: Hawlucha|247/256|[from] Recoil\n|\n|-weather|none\n|upkeep\n|\n|t:|1683800052\n|switch|p1a: Goodra|Goodra, L82, M|68/282\n|turn|19\n|\n|t:|1683800061\n|move|p2a: Hawlucha|Brave Bird|p1a: Goodra\n|-damage|p1a: Goodra|0 fnt\n|faint|p1a: Goodra\n|-damage|p2a: Hawlucha|225/256|[from] Recoil\n|\n|win|Registry\n|raw|ProRedGamer37's rating: 1090 &rarr; <strong>1064</strong><br />(-26 for losing)\n|raw|Registry's rating: 1050 &rarr; <strong>1086</strong><br />(+36 for winning)\n", "inputlog": ">version bce759c5f189753f4322d11c9e5aa78bbe1b1bf9\n>start {\"formatid\":\"gen8randombattle\",\"seed\":[29778,60402,41910,13646],\"rated\":\"Rated battle\"}\n>player p1 {\"name\":\"ProRedGamer37\",\"avatar\":\"101\",\"rating\":1090,\"seed\":[50926,8667,22106,47836]}\n>player p2 {\"name\":\"Registry\",\"avatar\":\"gentleman-gen4\",\"rating\":1050,\"seed\":[15147,29782,21054,43242]}\n>p1 move icebeam\n>p2 move uturn\n>p2 switch 4\n>p1 move hydropump\n>p2 move dazzlinggleam\n>p1 move hydropump\n>p2 move psychic\n>p1 switch 3\n>p1 move poltergeist\n>p2 move psychic\n>p2 switch 2\n>p1 move dynamicpunch\n>p2 move throatchop\n>p1 switch 5\n>p1 move focusblast\n>p2 move throatchop\n>p1 switch 2\n>p2 move throatchop\n>p1 move dracometeor\n>p2 move zenheadbutt\n>p1 switch 6\n>p2 move throatchop\n>p1 switch 4\n>p1 move closecombat\n>p2 move throatchop\n>p2 switch 6\n>p1 move irontail\n>p2 move scald\n>p1 switch 2\n>p1 move psychic dynamax\n>p2 move knockoff\n>p1 move psychic dynamax\n>p2 move knockoff\n>p2 switch 4\n>p1 move freezedry dynamax\n>p2 move bravebird\n>p2 switch 5\n>p1 move freezedry\n>p2 move gigadrain\n>p1 move psychic\n>p2 move drainingkiss\n>p1 move psychic\n>p2 move storedpower\n>p2 switch 3\n>p1 move psychic\n>p2 move bravebird\n>p1 switch 6\n>p1 move dracometeor\n>p2 move bravebird", "uploadtime": 1683800069, "views": 4, "p1id": "proredgamer37", "p2id": "registry", "formatid": "gen8randombattle", "rating": 1064, "private": 0, "password": ""}