|j|☆hamsarvey
|j|☆eddyjay
|t:|1684281684
|gametype|singles
|player|p1|hamsarvey|riley|
|player|p2|eddyjay|1|
|teamsize|p1|6
|teamsize|p2|6
|gen|8
|tier|[Gen 8] Random Battle
|rule|Species Clause: Limit one of each Pokémon
|rule|HP Percentage Mod: HP is shown in percentages
|rule|Sleep Clause Mod: Limit one foe put to sleep
|
|t:|1684281684
|start
|switch|p1a: Rotom|Rotom-Heat, L82|216/216
|switch|p2a: Stonjourner|Stonjourner, L88, M|319/319
|turn|1
|
|t:|1684281700
|switch|p1a: Espeon|Espeon, L82, M|241/241
|move|p2a: Stonjourner|Rock Polish|p2a: Stonjourner
|-boost|p2a: Stonjourner|spe|2
|
|upkeep
|turn|2
|
|t:|1684281714
|move|p2a: Stonjourner|Stone Edge|p1a: Espeon
|-damage|p1a: Espeon|3/241
|-damage|p2a: Stonjourner|288/319|[from] item: Life Orb
|move|p1a: Espeon|Psychic|p2a: Stonjourner
|-damage|p2a: Stonjourner|5/319
|
|-heal|p1a: Espeon|18/241|[from] item: Leftovers
|upkeep
|turn|3
|
|t:|1684281729
|move|p2a: Stonjourner|Earthquake|p1a: Espeon
|-damage|p1a: Espeon|0 fnt
|faint|p1a: Espeon
|-damage|p2a: Stonjourner|0 fnt|[from] item: Life Orb
|faint|p2a: Stonjourner
|
|upkeep
|
|t:|1684281748
|switch|p1a: Glalie|Glalie, L80, M|259/259
|switch|p2a: Incineroar|Incineroar, L80, M|283/283
|-ability|p2a: Incineroar|Intimidate|boost
|-unboost|p1a: Glalie|atk|1
|turn|4
|
|t:|1684281761
|switch|p1a: Rotom|Rotom-Heat, L82|216/216
|move|p2a: Incineroar|Knock Off|p1a: Rotom
|-damage|p1a: Rotom|122/216
|-enditem|p1a: Rotom|Heavy-Duty Boots|[from] move: Knock Off|[of] p2a: Incineroar
|
|upkeep
|turn|5
|
|t:|1684281769
|move|p1a: Rotom|Thunderbolt|p2a: Incineroar
|-damage|p2a: Incineroar|192/283
|move|p2a: Incineroar|U-turn|p1a: Rotom
|-resisted|p1a: Rotom
|-damage|p1a: Rotom|101/216
|
|t:|1684281775
|switch|p2a: Hippowdon|Hippowdon, L80, F|304/304|[from] U-turn
|-weather|Sandstorm|[from] ability: Sand Stream|[of] p2a: Hippowdon
|
|-weather|Sandstorm|[upkeep]
|-damage|p1a: Rotom|88/216|[from] Sandstorm
|upkeep
|turn|6
|
|t:|1684281783
|move|p1a: Rotom|Will-O-Wisp|p2a: Hippowdon
|-status|p2a: Hippowdon|brn
|move|p2a: Hippowdon|Stone Edge|p1a: Rotom
|-supereffective|p1a: Rotom
|-crit|p1a: Rotom
|-damage|p1a: Rotom|0 fnt
|faint|p1a: Rotom
|
|-weather|Sandstorm|[upkeep]
|-damage|p2a: Hippowdon|285/304 brn|[from] brn
|upkeep
|
|t:|1684281792
|switch|p1a: Glalie|Glalie, L80, M|259/259
|turn|7
|
|t:|1684281795
|move|p1a: Glalie|Disable|p2a: Hippowdon
|-start|p2a: Hippowdon|Disable|Stone Edge
|cant|p2a: Hippowdon|Disable|Stone Edge
|
|-weather|Sandstorm|[upkeep]
|-damage|p1a: Glalie|243/259|[from] Sandstorm
|-heal|p1a: Glalie|259/259|[from] item: Leftovers
|-heal|p2a: Hippowdon|304/304 brn|[from] item: Leftovers
|-damage|p2a: Hippowdon|285/304 brn|[from] brn
|-ability|p1a: Glalie|Moody|boost
|-boost|p1a: Glalie|spe|2
|-unboost|p1a: Glalie|spa|1
|upkeep
|turn|8
|
|t:|1684281809
|switch|p2a: Incineroar|Incineroar, L80, M|192/283
|-ability|p2a: Incineroar|Intimidate|boost
|-unboost|p1a: Glalie|atk|1
|move|p1a: Glalie|Substitute|p1a: Glalie
|-start|p1a: Glalie|Substitute
|-damage|p1a: Glalie|195/259
|
|-weather|Sandstorm|[upkeep]
|-damage|p1a: Glalie|179/259|[from] Sandstorm
|-damage|p2a: Incineroar|175/283|[from] Sandstorm
|-heal|p1a: Glalie|195/259|[from] item: Leftovers
|-ability|p1a: Glalie|Moody|boost
|-boost|p1a: Glalie|spa|2
|-unboost|p1a: Glalie|atk|1
|upkeep
|turn|9
|
|t:|1684281825
|move|p1a: Glalie|Protect|p1a: Glalie
|-singleturn|p1a: Glalie|Protect
|move|p2a: Incineroar|Knock Off|p1a: Glalie
|-activate|p1a: Glalie|move: Protect
|
|-weather|none
|-heal|p1a: Glalie|211/259|[from] item: Leftovers
|-ability|p1a: Glalie|Moody|boost
|-boost|p1a: Glalie|spd|2
|-unboost|p1a: Glalie|spe|1
|upkeep
|turn|10
|
|t:|1684281841
|move|p1a: Glalie|Freeze-Dry|p2a: Incineroar
|-resisted|p2a: Incineroar
|-damage|p2a: Incineroar|127/283
|-status|p2a: Incineroar|frz
|cant|p2a: Incineroar|frz
|
|-heal|p1a: Glalie|227/259|[from] item: Leftovers
|-ability|p1a: Glalie|Moody|boost
|-boost|p1a: Glalie|spa|2
|-unboost|p1a: Glalie|def|1
|upkeep
|turn|11
|
|t:|1684281855
|move|p1a: Glalie|Freeze-Dry|p2a: Incineroar
|-resisted|p2a: Incineroar
|-damage|p2a: Incineroar|50/283 frz
|-curestatus|p2a: Incineroar|frz|[msg]
|move|p2a: Incineroar|Will-O-Wisp||[still]
|-fail|p2a: Incineroar
|
|-heal|p1a: Glalie|243/259|[from] item: Leftovers
|-ability|p1a: Glalie|Moody|boost
|-boost|p1a: Glalie|atk|2
|-unboost|p1a: Glalie|def|1
|upkeep
|turn|12
|
|t:|1684281865
|move|p1a: Glalie|Freeze-Dry|p2a: Incineroar
|-resisted|p2a: Incineroar
|-damage|p2a: Incineroar|0 fnt
|faint|p2a: Incineroar
|
|-heal|p1a: Glalie|259/259|[from] item: Leftovers
|-ability|p1a: Glalie|Moody|boost
|-boost|p1a: Glalie|atk|2
|-unboost|p1a: Glalie|def|1
|upkeep
|
|t:|1684281876
|switch|p2a: Hippowdon|Hippowdon, L80, F|285/304 brn
|-weather|Sandstorm|[from] ability: Sand Stream|[of] p2a: Hippowdon
|turn|13
|
|t:|1684281881
|move|p1a: Glalie|Freeze-Dry|p2a: Hippowdon
|-supereffective|p2a: Hippowdon
|-damage|p2a: Hippowdon|0 fnt
|faint|p2a: Hippowdon
|
|-weather|Sandstorm|[upkeep]
|-damage|p1a: Glalie|243/259|[from] Sandstorm
|-heal|p1a: Glalie|259/259|[from] item: Leftovers
|-ability|p1a: Glalie|Moody|boost
|-boost|p1a: Glalie|spa|2
|-unboost|p1a: Glalie|atk|1
|upkeep
|
|t:|1684281887
|switch|p2a: Zeraora|Zeraora, L76|259/259
|turn|14
|
|t:|1684281895
|move|p2a: Zeraora|Plasma Fists|p1a: Glalie
|-end|p1a: Glalie|Substitute
|move|p1a: Glalie|Freeze-Dry|p2a: Zeraora
|-damage|p2a: Zeraora|96/259
|-status|p2a: Zeraora|frz
|
|-weather|Sandstorm|[upkeep]
|-damage|p1a: Glalie|243/259|[from] Sandstorm
|-damage|p2a: Zeraora|80/259 frz|[from] Sandstorm
|-heal|p1a: Glalie|259/259|[from] item: Leftovers
|-ability|p1a: Glalie|Moody|boost
|-boost|p1a: Glalie|spe|2
|-unboost|p1a: Glalie|spa|1
|upkeep
|turn|15
|
|t:|1684281909
|-start|p1a: Glalie|Dynamax|
|-heal|p1a: Glalie|518/518|[silent]
|move|p1a: Glalie|Max Hailstorm|p2a: Zeraora
|-damage|p2a: Zeraora|0 fnt
|-weather|Hail
|faint|p2a: Zeraora
|
|-weather|Hail|[upkeep]
|-ability|p1a: Glalie|Moody|boost
|-boost|p1a: Glalie|spe|2
|-unboost|p1a: Glalie|atk|1
|upkeep
|
|t:|1684281913
|switch|p2a: Tornadus|Tornadus-Therian, L78, M|251/251
|turn|16
|
|t:|1684281919
|move|p1a: Glalie|Max Hailstorm|p2a: Tornadus
|-supereffective|p2a: Tornadus
|-crit|p2a: Tornadus
|-damage|p2a: Tornadus|0 fnt
|faint|p2a: Tornadus
|
|-weather|Hail|[upkeep]
|-ability|p1a: Glalie|Moody|boost
|-boost|p1a: Glalie|atk|2
|-unboost|p1a: Glalie|spe|1
|upkeep
|
|t:|1684281922
|switch|p2a: Rayquaza|Rayquaza, L74|277/277
|-ability|p2a: Rayquaza|Air Lock
|turn|17
|
|t:|1684281932
|-start|p2a: Rayquaza|Dynamax|
|-heal|p2a: Rayquaza|554/554|[silent]
|move|p1a: Glalie|Max Hailstorm|p2a: Rayquaza
|-supereffective|p2a: Rayquaza
|-damage|p2a: Rayquaza|0 fnt
|faint|p2a: Rayquaza
|
|win|hamsarvey
