|j|☆Tyler409
|j|☆cureja
|t:|1685285991
|gametype|singles
|player|p1|Tyler409|palmer|
|player|p2|cureja|2|
|teamsize|p1|6
|teamsize|p2|6
|gen|8
|tier|[Gen 8] Random Battle
|rule|Species Clause: Limit one of each Pokémon
|rule|HP Percentage Mod: HP is shown in percentages
|rule|Sleep Clause Mod: Limit one foe put to sleep
|
|t:|1685285991
|start
|switch|p1a: Bisharp|Bisharp, L80, F|235/235
|switch|p2a: Ho-Oh|Ho-Oh, L72|272/272
|turn|1
|
|t:|1685286010
|switch|p1a: Audino|Audino, L91, F|335/335
|move|p2a: Ho-Oh|Sacred Fire|p1a: Audino
|-damage|p1a: Audino|241/335
|
|-heal|p1a: Audino|261/335|[from] item: Leftovers
|upkeep
|turn|2
|
|t:|1685286038
|switch|p2a: Ribombee|Ribombee, L82, F|233/233
|move|p1a: Audino|Toxic|p2a: Ribombee
|-status|p2a: Ribombee|tox
|
|-heal|p1a: Audino|281/335|[from] item: Leftovers
|-damage|p2a: Ribombee|219/233 tox|[from] psn
|upkeep
|turn|3
|
|t:|1685286074
|switch|p1a: Bisharp|Bisharp, L80, F|235/235
|move|p2a: Ribombee|Stun Spore|p1a: Bisharp
|-status|p1a: Bisharp|par
|
|-damage|p2a: Ribombee|191/233 tox|[from] psn
|upkeep
|turn|4
|
|t:|1685286088
|move|p2a: Ribombee|U-turn|p1a: Bisharp
|-damage|p1a: Bisharp|193/235 par
|
|t:|1685286097
|switch|p2a: Ho-Oh|Ho-Oh, L72|272/272|[from] U-turn
|move|p1a: Bisharp|Stealth Rock|p2a: Ho-Oh
|-sidestart|p2: cureja|move: Stealth Rock
|
|upkeep
|turn|5
|
|t:|1685286111
|switch|p2a: Claydol|Claydol, L86|243/243
|-damage|p2a: Claydol|228/243|[from] Stealth Rock
|switch|p1a: Audino|Audino, L91, F|335/335
|
|-heal|p2a: Claydol|243/243|[from] item: Leftovers
|upkeep
|turn|6
|
|t:|1685286121
|move|p2a: Claydol|Stealth Rock|p1a: Audino
|-sidestart|p1: Tyler409|move: Stealth Rock
|move|p1a: Audino|Knock Off|p2a: Claydol
|-supereffective|p2a: Claydol
|-damage|p2a: Claydol|149/243
|-enditem|p2a: Claydol|Leftovers|[from] move: Knock Off|[of] p1a: Audino
|
|upkeep
|turn|7
|
|t:|1685286127
|move|p2a: Claydol|Rapid Spin|p1a: Audino
|-damage|p1a: Audino|306/335
|-boost|p2a: Claydol|spe|1
|-sideend|p2: cureja|Stealth Rock|[from] move: Rapid Spin|[of] p2a: Claydol
|move|p1a: Audino|Toxic|p2a: Claydol
|-status|p2a: Claydol|tox
|
|-heal|p1a: Audino|326/335|[from] item: Leftovers
|-damage|p2a: Claydol|134/243 tox|[from] psn
|upkeep
|turn|8
|
|t:|1685286186
|move|p2a: Claydol|Earthquake|p1a: Audino
|-damage|p1a: Audino|248/335
|move|p1a: Audino|Knock Off|p2a: Claydol
|-supereffective|p2a: Claydol
|-damage|p2a: Claydol|70/243 tox
|
|-heal|p1a: Audino|268/335|[from] item: Leftovers
|-damage|p2a: Claydol|40/243 tox|[from] psn
|upkeep
|turn|9
|
|t:|1685286196
|switch|p2a: Pheromosa|Pheromosa, L75|230/230
|move|p1a: Audino|Knock Off|p2a: Pheromosa
|-resisted|p2a: Pheromosa
|-damage|p2a: Pheromosa|171/230
|-enditem|p2a: Pheromosa|Life Orb|[from] move: Knock Off|[of] p1a: Audino
|
|-heal|p1a: Audino|288/335|[from] item: Leftovers
|upkeep
|turn|10
|
|t:|1685286217
|move|p2a: Pheromosa|Ice Beam|p1a: Audino
|-damage|p1a: Audino|226/335
|-status|p1a: Audino|frz
|-curestatus|p1a: Audino|frz|[msg]
|move|p1a: Audino|Toxic|p2a: Pheromosa
|-status|p2a: Pheromosa|tox
|
|-heal|p1a: Audino|246/335|[from] item: Leftovers
|-damage|p2a: Pheromosa|157/230 tox|[from] psn
|upkeep
|turn|11
|
|t:|1685286223
|move|p2a: Pheromosa|Close Combat|p1a: Audino
|-supereffective|p1a: Audino
|-damage|p1a: Audino|0 fnt
|-unboost|p2a: Pheromosa|def|1
|-unboost|p2a: Pheromosa|spd|1
|faint|p1a: Audino
|-ability|p2a: Pheromosa|Beast Boost|boost
|-boost|p2a: Pheromosa|spe|1
|
|-damage|p2a: Pheromosa|129/230 tox|[from] psn
|upkeep
|
|t:|1685286235
|switch|p1a: Galvantula|Galvantula, L82, F|249/249
|turn|12
|
|t:|1685286258
|switch|p2a: Ho-Oh|Ho-Oh, L72|272/272
|move|p1a: Galvantula|Sticky Web|p2a: Ho-Oh
|-sidestart|p2: cureja|move: Sticky Web
|
|upkeep
|turn|13
|
|t:|1685286275
|move|p1a: Galvantula|Thunder|p2a: Ho-Oh
|-supereffective|p2a: Ho-Oh
|-damage|p2a: Ho-Oh|116/272
|move|p2a: Ho-Oh|Sacred Fire|p1a: Galvantula
|-supereffective|p1a: Galvantula
|-damage|p1a: Galvantula|0 fnt
|faint|p1a: Galvantula
|
|upkeep
|
|t:|1685286289
|switch|p1a: Falinks|Falinks, L84|246/246
|-damage|p1a: Falinks|231/246|[from] Stealth Rock
|turn|14
|
|t:|1685286321
|-start|p2a: Ho-Oh|Dynamax|
|-heal|p2a: Ho-Oh|232/544|[silent]
|move|p1a: Falinks|Rock Slide|p2a: Ho-Oh
|-supereffective|p2a: Ho-Oh
|-damage|p2a: Ho-Oh|0 fnt
|faint|p2a: Ho-Oh
|
|upkeep
|
|t:|1685286347
|switch|p2a: Claydol|Claydol, L86|40/243 tox
|turn|15
|
|t:|1685286350
|move|p1a: Falinks|Rock Slide|p2a: Claydol
|-resisted|p2a: Claydol
|-damage|p2a: Claydol|17/243 tox
|move|p2a: Claydol|Rapid Spin|p1a: Falinks
|-damage|p1a: Falinks|204/246
|-boost|p2a: Claydol|spe|1
|-sideend|p2: cureja|Sticky Web|[from] move: Rapid Spin|[of] p2a: Claydol
|
|-damage|p2a: Claydol|2/243 tox|[from] psn
|upkeep
|turn|16
|
|t:|1685286364
|-start|p1a: Falinks|Dynamax|
|-heal|p1a: Falinks|408/492|[silent]
|move|p2a: Claydol|Earthquake|p1a: Falinks
|-damage|p1a: Falinks|330/492
|move|p1a: Falinks|Max Darkness|p2a: Claydol
|-supereffective|p2a: Claydol
|-damage|p2a: Claydol|0 fnt
|faint|p2a: Claydol
|
|upkeep
|
|t:|1685286405
|switch|p2a: Ribombee|Ribombee, L82, F|191/233 tox
|turn|17
|
|t:|1685286415
|move|p2a: Ribombee|Moonblast|p1a: Falinks
|-supereffective|p1a: Falinks
|-damage|p1a: Falinks|72/492
|move|p1a: Falinks|Max Ooze|p2a: Ribombee
|-supereffective|p2a: Ribombee
|-damage|p2a: Ribombee|29/233 tox
|-boost|p1a: Falinks|spa|1
|
|-damage|p2a: Ribombee|15/233 tox|[from] psn
|upkeep
|turn|18
|
|t:|1685286437
|move|p2a: Ribombee|Sticky Web|p1a: Falinks
|-sidestart|p1: Tyler409|move: Sticky Web
|move|p1a: Falinks|Max Rockfall|p2a: Ribombee
|-supereffective|p2a: Ribombee
|-damage|p2a: Ribombee|0 fnt
|-weather|Sandstorm
|faint|p2a: Ribombee
|
|-weather|Sandstorm|[upkeep]
|-damage|p1a: Falinks|57/492|[from] Sandstorm
|upkeep
|
|t:|1685286444
|switch|p2a: Pheromosa|Pheromosa, L75|129/230 tox
|-end|p1a: Falinks|Dynamax
|-heal|p1a: Falinks|29/246|[silent]
|turn|19
|
|t:|1685286450
|move|p2a: Pheromosa|Close Combat|p1a: Falinks
|-damage|p1a: Falinks|0 fnt
|-unboost|p2a: Pheromosa|def|1
|-unboost|p2a: Pheromosa|spd|1
|faint|p1a: Falinks
|-ability|p2a: Pheromosa|Beast Boost|boost
|-boost|p2a: Pheromosa|spe|1
|
|-weather|Sandstorm|[upkeep]
|-damage|p2a: Pheromosa|115/230 tox|[from] Sandstorm
|-damage|p2a: Pheromosa|101/230 tox|[from] psn
|upkeep
|
|t:|1685286465
|switch|p1a: Blaziken|Blaziken, L76, M|247/247
|-damage|p1a: Blaziken|217/247|[from] Stealth Rock
|-activate|p1a: Blaziken|move: Sticky Web
|-unboost|p1a: Blaziken|spe|1
|turn|20
|
|t:|1685286473
|move|p2a: Pheromosa|Close Combat|p1a: Blaziken
|-damage|p1a: Blaziken|48/247
|-unboost|p2a: Pheromosa|def|1
|-unboost|p2a: Pheromosa|spd|1
|move|p1a: Blaziken|Swords Dance|p1a: Blaziken
|-boost|p1a: Blaziken|atk|2
|
|-weather|Sandstorm|[upkeep]
|-damage|p2a: Pheromosa|87/230 tox|[from] Sandstorm
|-damage|p1a: Blaziken|33/247|[from] Sandstorm
|-damage|p2a: Pheromosa|59/230 tox|[from] psn
|-ability|p1a: Blaziken|Speed Boost|boost
|-boost|p1a: Blaziken|spe|1
|upkeep
|turn|21
|
|t:|1685286485
|move|p2a: Pheromosa|Close Combat|p1a: Blaziken
|-damage|p1a: Blaziken|0 fnt
|-unboost|p2a: Pheromosa|def|1
|-unboost|p2a: Pheromosa|spd|1
|faint|p1a: Blaziken
|-ability|p2a: Pheromosa|Beast Boost|boost
|-boost|p2a: Pheromosa|spe|1
|
|-weather|Sandstorm|[upkeep]
|-damage|p2a: Pheromosa|45/230 tox|[from] Sandstorm
|-damage|p2a: Pheromosa|3/230 tox|[from] psn
|upkeep
|
|t:|1685286495
|switch|p1a: Cloyster|Cloyster, L80, M|211/211
|-damage|p1a: Cloyster|159/211|[from] Stealth Rock
|-activate|p1a: Cloyster|move: Sticky Web
|-unboost|p1a: Cloyster|spe|1
|-enditem|p1a: Cloyster|White Herb
|-clearnegativeboost|p1a: Cloyster|[silent]
|turn|22
|
|t:|1685286502
|move|p2a: Pheromosa|Close Combat|p1a: Cloyster
|-supereffective|p1a: Cloyster
|-damage|p1a: Cloyster|0 fnt
|-unboost|p2a: Pheromosa|def|1
|-unboost|p2a: Pheromosa|spd|1
|faint|p1a: Cloyster
|-ability|p2a: Pheromosa|Beast Boost|boost
|-boost|p2a: Pheromosa|spe|1
|
|-weather|none
|-damage|p2a: Pheromosa|0 fnt|[from] psn
|faint|p2a: Pheromosa
|upkeep
|
|t:|1685286520
|switch|p2a: Drednaw|Drednaw, L84, F|288/288
|switch|p1a: Bisharp|Bisharp, L80, F|193/235 par
|-damage|p1a: Bisharp|179/235 par|[from] Stealth Rock
|-activate|p1a: Bisharp|move: Sticky Web
|-unboost|p1a: Bisharp|spe|1
|-ability|p1a: Bisharp|Defiant|boost
|-boost|p1a: Bisharp|atk|2
|turn|23
|
|t:|1685286528
|move|p2a: Drednaw|Superpower|p1a: Bisharp
|-supereffective|p1a: Bisharp
|-crit|p1a: Bisharp
|-damage|p1a: Bisharp|0 fnt
|-unboost|p2a: Drednaw|atk|1
|-unboost|p2a: Drednaw|def|1
|faint|p1a: Bisharp
|-damage|p2a: Drednaw|260/288|[from] item: Life Orb
|
|win|cureja
|c|☆cureja|gg
|c|☆Tyler409|gg
