|j|☆Sylveon is so cute
|j|☆Batram
|t:|1662132425
|gametype|singles
|player|p1|Sylveon is so cute|bryony|2457
|player|p2|Batram|101|2383
|teamsize|p1|6
|teamsize|p2|6
|gen|8
|tier|[Gen 8] Random Battle
|rated|
|rule|Species Clause: Limit one of each Pokémon
|rule|HP Percentage Mod: HP is shown in percentages
|rule|Sleep Clause Mod: Limit one foe put to sleep
|
|t:|1662132425
|start
|switch|p1a: Mr. Mime|Mr. Mime-Galar, L86, F|226/226
|switch|p2a: Tornadus|Tornadus-Therian, L78, M|251/251
|turn|1
|inactive|Battle timer is ON: inactive players will automatically lose when time's up. (requested by Sylveon is so cute)
|
|t:|1662132443
|switch|p1a: Relicanth|Relicanth, L86, M|312/312
|move|p2a: Tornadus|U-turn|p1a: Relicanth
|-damage|p1a: Relicanth|279/312
|
|t:|1662132453
|switch|p2a: Exeggutor|Exeggutor-Alola, L87, F|307/307
|-item|p1a: Relicanth|Leftovers|[from] ability: Frisk|[of] p2a: Exeggutor|[identify]
|
|-heal|p1a: Relicanth|298/312|[from] item: Leftovers
|upkeep
|turn|2
|j| imma rolling stone
|
|t:|1662132472
|switch|p1a: Zapdos|Zapdos, L78|267/267
|move|p2a: Exeggutor|Draco Meteor|p1a: Zapdos
|-damage|p1a: Zapdos|41/267
|-unboost|p2a: Exeggutor|spa|2
|-damage|p2a: Exeggutor|277/307|[from] item: Life Orb
|
|upkeep
|turn|3
|
|t:|1662132483
|switch|p2a: Terrakion|Terrakion, L78|270/270
|move|p1a: Zapdos|Hurricane|p2a: Terrakion|[miss]
|-miss|p1a: Zapdos|p2a: Terrakion
|
|upkeep
|turn|4
|c|☆Sylveon is so cute|ok.
|
|t:|1662132489
|move|p2a: Terrakion|Stone Edge|p1a: Zapdos
|-supereffective|p1a: Zapdos
|-damage|p1a: Zapdos|0 fnt
|faint|p1a: Zapdos
|-damage|p2a: Terrakion|243/270|[from] item: Life Orb
|
|upkeep
|
|t:|1662132495
|switch|p1a: Mr. Mime|Mr. Mime-Galar, L86, F|226/226
|turn|5
|
|t:|1662132506
|-start|p2a: Terrakion|Dynamax|
|-heal|p2a: Terrakion|486/540|[silent]
|move|p1a: Mr. Mime|Psychic|p2a: Terrakion
|-supereffective|p2a: Terrakion
|-damage|p2a: Terrakion|274/540
|move|p2a: Terrakion|Max Rockfall|p1a: Mr. Mime
|-supereffective|p1a: Mr. Mime
|-damage|p1a: Mr. Mime|0 fnt
|-weather|Sandstorm
|faint|p1a: Mr. Mime
|-damage|p2a: Terrakion|247/540|[from] item: Life Orb
|
|-weather|Sandstorm|[upkeep]
|upkeep
|
|t:|1662132512
|switch|p1a: Rillaboom|Rillaboom, L78, F|284/284
|-fieldstart|move: Grassy Terrain|[from] ability: Grassy Surge|[of] p1a: Rillaboom
|turn|6
|
|t:|1662132517
|-end|p2a: Terrakion|Dynamax
|-heal|p2a: Terrakion|124/270|[silent]
|switch|p2a: Tornadus|Tornadus-Therian, L78, M|251/251
|move|p1a: Rillaboom|Swords Dance|p1a: Rillaboom
|-boost|p1a: Rillaboom|atk|2
|
|-weather|Sandstorm|[upkeep]
|-damage|p2a: Tornadus|236/251|[from] Sandstorm
|-damage|p1a: Rillaboom|267/284|[from] Sandstorm
|-heal|p1a: Rillaboom|284/284|[from] Grassy Terrain
|upkeep
|turn|7
|
|t:|1662132526
|move|p2a: Tornadus|Hurricane|p1a: Rillaboom|[miss]
|-miss|p2a: Tornadus|p1a: Rillaboom
|move|p1a: Rillaboom|Knock Off|p2a: Tornadus
|-damage|p2a: Tornadus|33/251
|-enditem|p2a: Tornadus|Heavy-Duty Boots|[from] move: Knock Off|[of] p1a: Rillaboom
|-damage|p1a: Rillaboom|256/284|[from] item: Life Orb
|
|-weather|Sandstorm|[upkeep]
|-damage|p2a: Tornadus|18/251|[from] Sandstorm
|-damage|p1a: Rillaboom|239/284|[from] Sandstorm
|-heal|p1a: Rillaboom|256/284|[from] Grassy Terrain
|upkeep
|turn|8
|
|t:|1662132543
|switch|p2a: Terrakion|Terrakion, L78|124/270
|move|p1a: Rillaboom|Grassy Glide|p2a: Terrakion
|-supereffective|p2a: Terrakion
|-damage|p2a: Terrakion|0 fnt
|faint|p2a: Terrakion
|-damage|p1a: Rillaboom|228/284|[from] item: Life Orb
|
|-weather|Sandstorm|[upkeep]
|-damage|p1a: Rillaboom|211/284|[from] Sandstorm
|-heal|p1a: Rillaboom|228/284|[from] Grassy Terrain
|upkeep
|
|t:|1662132549
|switch|p2a: Exeggutor|Exeggutor-Alola, L87, F|277/307
|-item|p1a: Rillaboom|Life Orb|[from] ability: Frisk|[of] p2a: Exeggutor|[identify]
|turn|9
|
|t:|1662132553
|move|p1a: Rillaboom|Knock Off|p2a: Exeggutor
|-damage|p2a: Exeggutor|98/307
|-enditem|p2a: Exeggutor|Life Orb|[from] move: Knock Off|[of] p1a: Rillaboom
|-damage|p1a: Rillaboom|200/284|[from] item: Life Orb
|move|p2a: Exeggutor|Flamethrower|p1a: Rillaboom
|-supereffective|p1a: Rillaboom
|-damage|p1a: Rillaboom|0 fnt
|faint|p1a: Rillaboom
|
|-weather|none
|-heal|p2a: Exeggutor|117/307|[from] Grassy Terrain
|upkeep
|
|t:|1662132555
|switch|p1a: Tauros|Tauros, L82, M|257/257
|turn|10
|
|t:|1662132564
|move|p1a: Tauros|Body Slam|p2a: Exeggutor
|-damage|p2a: Exeggutor|0 fnt
|faint|p2a: Exeggutor
|
|-fieldend|move: Grassy Terrain
|upkeep
|
|t:|1662132566
|switch|p2a: Tornadus|Tornadus-Therian, L78, M|101/251
|turn|11
|j| Mcburt
|
|t:|1662132594
|move|p2a: Tornadus|U-turn|p1a: Tauros
|-damage|p1a: Tauros|215/257
|
|t:|1662132600
|switch|p2a: Carracosta|Carracosta, L84, F|262/262
|move|p1a: Tauros|Body Slam|p2a: Carracosta
|-resisted|p2a: Carracosta
|-damage|p2a: Carracosta|213/262
|
|upkeep
|turn|12
|
|t:|1662132611
|switch|p1a: Relicanth|Relicanth, L86, M|298/312
|move|p2a: Carracosta|Stone Edge|p1a: Relicanth
|-damage|p1a: Relicanth|216/312
|
|-heal|p1a: Relicanth|235/312|[from] item: Leftovers
|upkeep
|turn|13
|
|t:|1662132621
|move|p1a: Relicanth|Head Smash|p2a: Carracosta
|-damage|p2a: Carracosta|101/262
|move|p2a: Carracosta|Hydro Pump|p1a: Relicanth|[miss]
|-miss|p2a: Carracosta|p1a: Relicanth
|
|-heal|p1a: Relicanth|254/312|[from] item: Leftovers
|upkeep
|turn|14
|
|t:|1662132633
|move|p1a: Relicanth|Head Smash|p2a: Carracosta
|-damage|p2a: Carracosta|0 fnt
|faint|p2a: Carracosta
|
|-heal|p1a: Relicanth|273/312|[from] item: Leftovers
|upkeep
|
|t:|1662132636
|switch|p2a: Glaceon|Glaceon, L88, F|258/258
|turn|15
|inactive|Sylveon is so cute has 120 seconds left.
|
|t:|1662132671
|move|p2a: Glaceon|Freeze-Dry|p1a: Relicanth
|-supereffective|p1a: Relicanth
|-damage|p1a: Relicanth|7/312
|move|p1a: Relicanth|Head Smash|p2a: Glaceon
|-supereffective|p2a: Glaceon
|-damage|p2a: Glaceon|18/258
|
|-heal|p2a: Glaceon|34/258|[from] item: Leftovers
|-heal|p1a: Relicanth|26/312|[from] item: Leftovers
|upkeep
|turn|16
|j| Panoramix22
|
|t:|1662132680
|move|p2a: Glaceon|Freeze-Dry|p1a: Relicanth
|-supereffective|p1a: Relicanth
|-damage|p1a: Relicanth|0 fnt
|faint|p1a: Relicanth
|
|-heal|p2a: Glaceon|50/258|[from] item: Leftovers
|upkeep
|c| Mcburt|Can i play you sylveon?
|
|t:|1662132688
|switch|p1a: Tauros|Tauros, L82, M|215/257
|turn|17
|
|t:|1662132698
|move|p1a: Tauros|Body Slam|p2a: Glaceon
|-damage|p2a: Glaceon|0 fnt
|faint|p2a: Glaceon
|
|upkeep
|
|t:|1662132703
|switch|p2a: Porygon2|Porygon2, L82|274/274
|-ability|p2a: Porygon2|Sheer Force|[from] ability: Trace|[of] p1a: Tauros
|turn|18
|
|t:|1662132714
|move|p1a: Tauros|Body Slam|p2a: Porygon2
|-damage|p2a: Porygon2|177/274
|move|p2a: Porygon2|Tri Attack|p1a: Tauros
|-damage|p1a: Tauros|89/257
|
|upkeep
|turn|19
|
|t:|1662132719
|switch|p2a: Tornadus|Tornadus-Therian, L78, M|184/251
|move|p1a: Tauros|Close Combat|p2a: Tornadus
|-resisted|p2a: Tornadus
|-damage|p2a: Tornadus|127/251
|-unboost|p1a: Tauros|def|1
|-unboost|p1a: Tauros|spd|1
|-damage|p1a: Tauros|64/257|[from] item: Life Orb
|
|upkeep
|turn|20
|
|t:|1662132724
|move|p2a: Tornadus|Hurricane|p1a: Tauros
|-damage|p1a: Tauros|0 fnt
|faint|p1a: Tauros
|
|upkeep
|
|t:|1662132725
|switch|p1a: Tornadus|Tornadus, L80, M|258/258
|turn|21
|
|t:|1662132730
|move|p1a: Tornadus|Nasty Plot|p1a: Tornadus
|-boost|p1a: Tornadus|spa|2
|move|p2a: Tornadus|Hurricane|p1a: Tornadus
|-damage|p1a: Tornadus|123/258
|
|upkeep
|turn|22
|
|t:|1662132755
|-start|p1a: Tornadus|Dynamax|
|-heal|p1a: Tornadus|246/516|[silent]
|move|p2a: Tornadus|Hurricane|p1a: Tornadus
|-damage|p1a: Tornadus|113/516
|-start|p1a: Tornadus|confusion
|-activate|p1a: Tornadus|confusion
|move|p1a: Tornadus|Max Airstream|p2a: Tornadus
|-damage|p2a: Tornadus|0 fnt
|-boost|p1a: Tornadus|spe|1
|faint|p2a: Tornadus
|
|upkeep
|
|t:|1662132757
|switch|p2a: Porygon2|Porygon2, L82|177/274
|-ability|p2a: Porygon2|Prankster|[from] ability: Trace|[of] p1a: Tornadus
|turn|23
|
|t:|1662132764
|-activate|p1a: Tornadus|confusion
|-damage|p1a: Tornadus|83/516|[from] confusion
|move|p2a: Porygon2|Ice Beam|p1a: Tornadus
|-supereffective|p1a: Tornadus
|-damage|p1a: Tornadus|0 fnt
|faint|p1a: Tornadus
|
|win|Batram
|raw|Sylveon is so cute's rating: 2427 &rarr; <strong>2404</strong><br />(-23 for losing)
|raw|Batram's rating: 2383 &rarr; <strong>2406</strong><br />(+23 for winning)
|l|☆Sylveon is so cute
|l|☆Batram
