{"id": "gen8randombattle-1874081503", "p1": "Jb0t", "p2": "TwoFiftey", "format": "[Gen 8] Random Battle", "log": "|j|\u2606Jb0t\n|j|\u2606TwoFiftey\n|t:|1685463586\n|gametype|singles\n|player|p1|Jb0t|schoolkid-gen4|1358\n|player|p2|TwoFiftey|red|1427\n|teamsize|p1|6\n|teamsize|p2|6\n|gen|8\n|tier|[Gen 8] Random Battle\n|rated|\n|rule|Species Clause: Limit one of each Pok\u00e9mon\n|rule|HP Percentage Mod: HP is shown in percentages\n|rule|Sleep Clause Mod: Limit one foe put to sleep\n|\n|t:|1685463586\n|start\n|switch|p1a: Togedemaru|Togedemaru, L86, F|252/252\n|switch|p2a: Tyrantrum|Tyrantrum, L82, F|269/269\n|turn|1\n|inactive|Battle timer is ON: inactive players will automatically lose when time's up. (requested by TwoFiftey)\n|c|\u2606TwoFiftey|glhf\n|c|\u2606Jb0t|glhf\n|c|\u2606TwoFiftey|thx\n|inactive|TwoFiftey has 120 seconds left.\n|\n|t:|1685463616\n|switch|p2a: Ninetales|Ninetales, L82, M|254/254\n|-weather|SunnyDay|[from] ability: Drought|[of] p2a: Ninetales\n|move|p1a: Togedemaru|Iron Head|p2a: Ninetales\n|-resisted|p2a: Ninetales\n|-damage|p2a: Ninetales|205/254\n|\n|-weather|SunnyDay|[upkeep]\n|-heal|p2a: Ninetales|220/254|[from] item: Leftovers\n|upkeep\n|turn|2\n|c|\u2606Jb0t|i have a w fire resist\n|inactive|Jb0t has 120 seconds left.\n|c|\u2606TwoFiftey|nice\n|\n|t:|1685463647\n|switch|p1a: Tornadus|Tornadus-Therian, L78, M|251/251\n|move|p2a: Ninetales|Will-O-Wisp|p1a: Tornadus\n|-status|p1a: Tornadus|brn\n|\n|-weather|SunnyDay|[upkeep]\n|-heal|p2a: Ninetales|235/254|[from] item: Leftovers\n|-damage|p1a: Tornadus|236/251 brn|[from] brn\n|upkeep\n|turn|3\n|\n|t:|1685463657\n|move|p1a: Tornadus|Knock Off|p2a: Ninetales\n|-damage|p2a: Ninetales|199/254\n|-enditem|p2a: Ninetales|Leftovers|[from] move: Knock Off|[of] p1a: Tornadus\n|move|p2a: Ninetales|Nasty Plot|p2a: Ninetales\n|-boost|p2a: Ninetales|spa|2\n|\n|-weather|SunnyDay|[upkeep]\n|-damage|p1a: Tornadus|221/251 brn|[from] brn\n|upkeep\n|turn|4\n|inactive|Jb0t has 120 seconds left.\n|\n|t:|1685463683\n|-start|p1a: Tornadus|Dynamax|\n|-heal|p1a: Tornadus|442/502 brn|[silent]\n|move|p1a: Tornadus|Max Airstream|p2a: Ninetales\n|-damage|p2a: Ninetales|60/254\n|-boost|p1a: Tornadus|spe|1\n|move|p2a: Ninetales|Fire Blast|p1a: Tornadus\n|-damage|p1a: Tornadus|112/502 brn\n|\n|-weather|SunnyDay|[upkeep]\n|-damage|p1a: Tornadus|97/502 brn|[from] brn\n|upkeep\n|turn|5\n|\n|t:|1685463699\n|switch|p2a: Tyrantrum|Tyrantrum, L82, F|269/269\n|move|p1a: Tornadus|Max Airstream|p2a: Tyrantrum\n|-resisted|p2a: Tyrantrum\n|-crit|p2a: Tyrantrum\n|-damage|p2a: Tyrantrum|115/269\n|-boost|p1a: Tornadus|spe|1\n|\n|-weather|none\n|-damage|p1a: Tornadus|82/502 brn|[from] brn\n|upkeep\n|turn|6\n|\n|t:|1685463711\n|move|p1a: Tornadus|Max Airstream|p2a: Tyrantrum\n|-resisted|p2a: Tyrantrum\n|-damage|p2a: Tyrantrum|24/269\n|-boost|p1a: Tornadus|spe|1\n|move|p2a: Tyrantrum|Head Smash|p1a: Tornadus\n|-supereffective|p1a: Tornadus\n|-damage|p1a: Tornadus|0 fnt\n|faint|p1a: Tornadus\n|-damage|p2a: Tyrantrum|0 fnt|[from] item: Life Orb\n|faint|p2a: Tyrantrum\n|\n|upkeep\n|c|\u2606Jb0t|that was my  w fire resist\n|\n|t:|1685463725\n|switch|p1a: Falinks|Falinks, L84|246/246\n|switch|p2a: Ninetales|Ninetales, L82, M|60/254\n|-weather|SunnyDay|[from] ability: Drought|[of] p2a: Ninetales\n|turn|7\n|c|\u2606TwoFiftey|welp\n|\n|t:|1685463738\n|move|p2a: Ninetales|Fire Blast|p1a: Falinks\n|-damage|p1a: Falinks|50/246\n|move|p1a: Falinks|Rock Slide|p2a: Ninetales\n|-supereffective|p2a: Ninetales\n|-damage|p2a: Ninetales|0 fnt\n|faint|p2a: Ninetales\n|-damage|p1a: Falinks|26/246|[from] item: Life Orb\n|\n|-weather|SunnyDay|[upkeep]\n|upkeep\n|\n|t:|1685463751\n|switch|p2a: Keldeo|Keldeo-Resolute, L79|224/224\n|turn|8\n|c|\u2606Jb0t|this my second fire resisit\n|\n|t:|1685463762\n|switch|p1a: Amoonguss|Amoonguss, L84, F|329/329\n|move|p2a: Keldeo|Flamethrower|p1a: Amoonguss\n|-supereffective|p1a: Amoonguss\n|-damage|p1a: Amoonguss|66/329\n|-damage|p2a: Keldeo|202/224|[from] item: Life Orb\n|\n|-weather|SunnyDay|[upkeep]\n|-heal|p1a: Amoonguss|86/329|[from] item: Black Sludge\n|upkeep\n|turn|9\n|c|\u2606Jb0t|AINT NO WAY\n|c|\u2606TwoFiftey|yes\n|\n|t:|1685463776\n|switch|p1a: Perrserker|Perrserker, L86, M|261/261\n|move|p2a: Keldeo|Flamethrower|p1a: Perrserker\n|-supereffective|p1a: Perrserker\n|-damage|p1a: Perrserker|0 fnt\n|faint|p1a: Perrserker\n|-damage|p2a: Keldeo|180/224|[from] item: Life Orb\n|\n|-weather|SunnyDay|[upkeep]\n|upkeep\n|\n|t:|1685463779\n|switch|p1a: Togedemaru|Togedemaru, L86, F|252/252\n|turn|10\n|c|\u2606TwoFiftey|go keldeo\n|c|\u2606Jb0t|mhm keldeo\n|c|\u2606TwoFiftey|*definetly not illusion\n|inactive|Jb0t has 120 seconds left.\n|\n|t:|1685463810\n|move|p1a: Togedemaru|Iron Head|p2a: Keldeo\n|-damage|p2a: Keldeo|44/224\n|replace|p2a: Zoroark|Zoroark, L79, M\n|-end|p2a: Zoroark|Illusion\n|move|p2a: Zoroark|Flamethrower|p1a: Togedemaru\n|-supereffective|p1a: Togedemaru\n|-enditem|p1a: Togedemaru|Focus Sash\n|-damage|p1a: Togedemaru|1/252\n|-damage|p2a: Zoroark|22/224|[from] item: Life Orb\n|\n|-weather|SunnyDay|[upkeep]\n|upkeep\n|turn|11\n|c|\u2606TwoFiftey|dang, sash ruins the fun :(\n|\n|t:|1685463833\n|move|p1a: Togedemaru|Iron Head|p2a: Zoroark\n|-damage|p2a: Zoroark|0 fnt\n|faint|p2a: Zoroark\n|\n|-weather|none\n|upkeep\n|\n|t:|1685463837\n|switch|p2a: Keldeo|Keldeo-Resolute, L79|273/273\n|turn|12\n|c|\u2606Jb0t|nah my third fire resist was ready\n|\n|t:|1685463847\n|move|p2a: Keldeo|Secret Sword|p1a: Togedemaru\n|-supereffective|p1a: Togedemaru\n|-damage|p1a: Togedemaru|0 fnt\n|faint|p1a: Togedemaru\n|\n|upkeep\n|\n|t:|1685463850\n|switch|p1a: Amoonguss|Amoonguss, L84, F|195/329\n|turn|13\n|c|\u2606TwoFiftey|yes\n|\n|t:|1685463857\n|switch|p2a: Silvally|Silvally-Grass, L84|297/297\n|move|p1a: Amoonguss|Spore|p2a: Silvally\n|-immune|p2a: Silvally\n|\n|-heal|p1a: Amoonguss|215/329|[from] item: Black Sludge\n|upkeep\n|turn|14\n|c|\u2606Jb0t|nah this is crazy\n|\n|t:|1685463867\n|move|p2a: Silvally|Ice Beam|p1a: Amoonguss\n|-supereffective|p1a: Amoonguss\n|-damage|p1a: Amoonguss|75/329\n|move|p1a: Amoonguss|Sludge Bomb|p2a: Silvally\n|-supereffective|p2a: Silvally\n|-damage|p2a: Silvally|127/297\n|\n|-heal|p1a: Amoonguss|95/329|[from] item: Black Sludge\n|upkeep\n|turn|15\n|c|\u2606TwoFiftey|ik\n|\n|t:|1685463875\n|switch|p1a: Darmanitan|Darmanitan-Galar, L78, F|292/292\n|move|p2a: Silvally|Ice Beam|p1a: Darmanitan\n|-resisted|p1a: Darmanitan\n|-damage|p1a: Darmanitan|247/292\n|\n|upkeep\n|turn|16\n|c|\u2606TwoFiftey|nah, I'm good witout dealing wit dat\n|\n|t:|1685463902\n|move|p2a: Silvally|Parting Shot|p1a: Darmanitan\n|-unboost|p1a: Darmanitan|atk|1\n|-unboost|p1a: Darmanitan|spa|1\n|\n|t:|1685463907\n|switch|p2a: Keldeo|Keldeo-Resolute, L79|273/273|[from] Parting Shot\n|move|p1a: Darmanitan|Belly Drum|p1a: Darmanitan\n|-damage|p1a: Darmanitan|101/292\n|-setboost|p1a: Darmanitan|atk|6|[from] move: Belly Drum\n|\n|-formechange|p1a: Darmanitan|Darmanitan-Galar-Zen|\n|upkeep\n|turn|17\n|c|\u2606TwoFiftey|oh\n|c|\u2606TwoFiftey|hm\n|\n|t:|1685463926\n|-start|p2a: Keldeo|Dynamax|\n|-heal|p2a: Keldeo|546/546|[silent]\n|move|p1a: Darmanitan|Substitute|p1a: Darmanitan\n|-start|p1a: Darmanitan|Substitute\n|-damage|p1a: Darmanitan|28/292\n|-enditem|p1a: Darmanitan|Salac Berry|[eat]\n|-boost|p1a: Darmanitan|spe|1|[from] item: Salac Berry\n|move|p2a: Keldeo|Max Knuckle|p1a: Darmanitan\n|-supereffective|p1a: Darmanitan\n|-end|p1a: Darmanitan|Substitute\n|-boost|p2a: Keldeo|atk|1\n|\n|upkeep\n|turn|18\n|c|\u2606Jb0t|welop\n|\n|t:|1685463938\n|move|p1a: Darmanitan|Icicle Crash|p2a: Keldeo\n|-resisted|p2a: Keldeo\n|-damage|p2a: Keldeo|303/546\n|move|p2a: Keldeo|Max Knuckle|p1a: Darmanitan\n|-supereffective|p1a: Darmanitan\n|-damage|p1a: Darmanitan|0 fnt\n|-boost|p2a: Keldeo|atk|1\n|faint|p1a: Darmanitan\n|\n|-heal|p2a: Keldeo|320/546|[from] item: Leftovers\n|upkeep\n|c|\u2606Jb0t|fire\n|\n|t:|1685463946\n|switch|p1a: Falinks|Falinks, L84|26/246\n|turn|19\n|c|\u2606TwoFiftey|fhew, that was scary for a second\n|\n|t:|1685463959\n|move|p2a: Keldeo|Max Geyser|p1a: Falinks\n|-damage|p1a: Falinks|0 fnt\n|-weather|RainDance\n|faint|p1a: Falinks\n|\n|-weather|RainDance|[upkeep]\n|-heal|p2a: Keldeo|337/546|[from] item: Leftovers\n|upkeep\n|c|\u2606Jb0t|my fire resists went crazy they my number 1\n|\n|t:|1685463968\n|switch|p1a: Amoonguss|Amoonguss, L84, F|204/329\n|-end|p2a: Keldeo|Dynamax\n|-heal|p2a: Keldeo|169/273|[silent]\n|turn|20\n|c|\u2606TwoFiftey|ik\n|c|\u2606TwoFiftey|lol\n|\n|t:|1685463982\n|move|p2a: Keldeo|Substitute|p2a: Keldeo\n|-start|p2a: Keldeo|Substitute\n|-damage|p2a: Keldeo|101/273\n|move|p1a: Amoonguss|Sludge Bomb|p2a: Keldeo\n|-end|p2a: Keldeo|Substitute\n|\n|-weather|RainDance|[upkeep]\n|-heal|p2a: Keldeo|118/273|[from] item: Leftovers\n|-heal|p1a: Amoonguss|224/329|[from] item: Black Sludge\n|upkeep\n|turn|21\n|\n|t:|1685463991\n|move|p2a: Keldeo|Scald|p1a: Amoonguss\n|-resisted|p1a: Amoonguss\n|-damage|p1a: Amoonguss|144/329\n|move|p1a: Amoonguss|Giga Drain|p2a: Keldeo\n|-supereffective|p2a: Keldeo\n|-damage|p2a: Keldeo|0 fnt\n|-heal|p1a: Amoonguss|203/329|[from] drain|[of] p2a: Keldeo\n|faint|p2a: Keldeo\n|\n|-weather|RainDance|[upkeep]\n|-heal|p1a: Amoonguss|223/329|[from] item: Black Sludge\n|upkeep\n|\n|t:|1685463998\n|switch|p2a: Linoone|Linoone, L84, F|268/268\n|turn|22\n|\n|t:|1685464002\n|move|p2a: Linoone|Belly Drum|p2a: Linoone\n|-damage|p2a: Linoone|134/268\n|-setboost|p2a: Linoone|atk|6|[from] move: Belly Drum\n|-enditem|p2a: Linoone|Aguav Berry|[eat]\n|-heal|p2a: Linoone|223/268|[from] item: Aguav Berry\n|move|p1a: Amoonguss|Spore|p2a: Linoone\n|-status|p2a: Linoone|slp|[from] move: Spore\n|\n|-weather|RainDance|[upkeep]\n|-heal|p1a: Amoonguss|243/329|[from] item: Black Sludge\n|upkeep\n|turn|23\n|c|\u2606TwoFiftey|nah\n|\n|t:|1685464013\n|cant|p2a: Linoone|slp\n|move|p1a: Amoonguss|Sludge Bomb|p2a: Linoone\n|-damage|p2a: Linoone|105/268 slp\n|\n|-weather|none\n|-heal|p1a: Amoonguss|263/329|[from] item: Black Sludge\n|upkeep\n|turn|24\n|\n|t:|1685464017\n|cant|p2a: Linoone|slp\n|move|p1a: Amoonguss|Sludge Bomb|p2a: Linoone\n|-damage|p2a: Linoone|0 fnt\n|faint|p2a: Linoone\n|\n|-heal|p1a: Amoonguss|283/329|[from] item: Black Sludge\n|upkeep\n|c|\u2606TwoFiftey|nah\n|c|\u2606TwoFiftey|I threw\n|\n|t:|1685464025\n|switch|p2a: Silvally|Silvally-Grass, L84|127/297\n|turn|25\n|\n|t:|1685464028\n|move|p2a: Silvally|Ice Beam|p1a: Amoonguss\n|-supereffective|p1a: Amoonguss\n|-damage|p1a: Amoonguss|159/329\n|move|p1a: Amoonguss|Sludge Bomb|p2a: Silvally\n|-supereffective|p2a: Silvally\n|-damage|p2a: Silvally|0 fnt\n|faint|p2a: Silvally\n|\n|win|Jb0t\n|raw|Jb0t's rating: 1358 &rarr; <strong>1382</strong><br />(+24 for winning)\n|raw|TwoFiftey's rating: 1427 &rarr; <strong>1403</strong><br />(-24 for losing)\n|c|\u2606TwoFiftey|ggs\n|c|\u2606Jb0t|YOOOOOOO\n|c|\u2606Jb0t|MY FIRE REIST\n|c|\u2606Jb0t|gg\n|c|\u2606TwoFiftey|you're fire resist\n|c|\u2606TwoFiftey|nice job dude\n|c|\u2606Jb0t|grazie\n", "inputlog": ">version b04b3d7eb02acfee3319999ae188c673d8c969f3\n>start {\"formatid\":\"gen8randombattle\",\"seed\":[35437,29020,12097,48094],\"rated\":\"Rated battle\"}\n>player p1 {\"name\":\"Jb0t\",\"avatar\":\"schoolkid-gen4\",\"rating\":1358,\"seed\":[23056,63516,29164,53795]}\n>player p2 {\"name\":\"TwoFiftey\",\"avatar\":\"red\",\"rating\":1427,\"seed\":[12641,3764,62570,24998]}\n>chat \u2606TwoFiftey|glhf\n>chat \u2606Jb0t|glhf\n>chat \u2606TwoFiftey|thx\n>p1 move ironhead\n>p2 switch 5\n>chat \u2606Jb0t|i have a w fire resist\n>chat \u2606TwoFiftey|nice\n>p1 switch 6\n>p2 move willowisp\n>p1 move knockoff\n>p2 move nastyplot\n>p1 move hurricane dynamax\n>p2 move fireblast\n>p1 move hurricane dynamax\n>p2 switch 5\n>p1 move hurricane dynamax\n>p2 move headsmash\n>chat \u2606Jb0t|that was my  w fire resist\n>p1 switch 5\n>p2 switch 5\n>chat \u2606TwoFiftey|welp\n>p1 move rockslide\n>p2 move fireblast\n>p2 switch 2\n>chat \u2606Jb0t|this my second fire resisit\n>p1 switch 3\n>p2 move flamethrower\n>chat \u2606Jb0t|AINT NO WAY\n>chat \u2606TwoFiftey|yes\n>p1 switch 4\n>p2 move flamethrower\n>p1 switch 6\n>chat \u2606TwoFiftey|go keldeo\n>chat \u2606Jb0t|mhm keldeo\n>chat \u2606TwoFiftey|*definetly not illusion\n>p1 move ironhead\n>p2 move flamethrower\n>chat \u2606TwoFiftey|dang, sash ruins the fun :(\n>p1 move ironhead\n>p2 move flamethrower\n>p2 switch 6\n>chat \u2606Jb0t|nah my third fire resist was ready\n>p1 move zingzap\n>p2 move secretsword\n>p1 switch 4\n>chat \u2606TwoFiftey|yes\n>p1 move spore\n>p2 switch 4\n>chat \u2606Jb0t|nah this is crazy\n>p1 move sludgebomb\n>p2 move icebeam\n>chat \u2606TwoFiftey|ik\n>p1 switch 2\n>p2 move icebeam\n>chat \u2606TwoFiftey|nah, I'm good witout dealing wit dat\n>p1 move bellydrum\n>p2 move partingshot\n>p2 switch 4\n>chat \u2606TwoFiftey|oh\n>chat \u2606TwoFiftey|hm\n>p1 move substitute\n>p2 move secretsword dynamax\n>chat \u2606Jb0t|welop\n>p1 move iciclecrash\n>p2 move secretsword dynamax\n>chat \u2606Jb0t|fire\n>p1 switch 3\n>chat \u2606TwoFiftey|fhew, that was scary for a second\n>p1 move closecombat\n>p2 move scald dynamax\n>chat \u2606Jb0t|my fire resists went crazy they my number 1\n>p1 switch 2\n>chat \u2606TwoFiftey|ik\n>chat \u2606TwoFiftey|lol\n>p1 move sludgebomb\n>p2 move substitute\n>p1 move gigadrain\n>p2 move scald\n>p2 switch 3\n>p1 move spore\n>p2 move bellydrum\n>chat \u2606TwoFiftey|nah\n>p1 move sludgebomb\n>p2 move extremespeed\n>p1 move sludgebomb\n>p2 move extremespeed\n>chat \u2606TwoFiftey|nah\n>chat \u2606TwoFiftey|I threw\n>p2 switch 4\n>p1 move sludgebomb\n>p2 move icebeam", "uploadtime": 1685464052, "views": 3, "p1id": "jb0t", "p2id": "twofiftey", "formatid": "gen8randombattle", "rating": 1382, "private": 0, "password": ""}