{"id": "gen8randombattle-1865947054", "p1": "bug hunter 14", "p2": "Nursey 29", "format": "[Gen 8] Random Battle", "log": "|j|\u2606bug hunter 14\n|j|\u2606Nursey 29\n|t:|1684353099\n|gametype|singles\n|player|p1|bug hunter 14|ballguy|1586\n|player|p2|Nursey 29|lucas|1657\n|teamsize|p1|6\n|teamsize|p2|6\n|gen|8\n|tier|[Gen 8] Random Battle\n|rated|\n|rule|Species Clause: Limit one of each Pok\u00e9mon\n|rule|HP Percentage Mod: HP is shown in percentages\n|rule|Sleep Clause Mod: Limit one foe put to sleep\n|\n|t:|1684353099\n|start\n|switch|p1a: Skarmory|Skarmory, L80, F|235/235\n|switch|p2a: Tangrowth|Tangrowth, L84, M|305/305\n|turn|1\n|c|\u2606bug hunter 14|glhf\n|\n|t:|1684353128\n|move|p1a: Skarmory|Stealth Rock|p2a: Tangrowth\n|-sidestart|p2: Nursey 29|move: Stealth Rock\n|move|p2a: Tangrowth|Leech Seed|p1a: Skarmory\n|-start|p1a: Skarmory|move: Leech Seed\n|\n|-damage|p1a: Skarmory|206/235|[from] Leech Seed|[of] p2a: Tangrowth\n|upkeep\n|turn|2\n|c|\u2606Nursey 29|u2\n|c|\u2606bug hunter 14|ty\n|\n|t:|1684353148\n|move|p1a: Skarmory|Spikes|p2a: Tangrowth\n|-sidestart|p2: Nursey 29|Spikes\n|move|p2a: Tangrowth|Giga Drain|p1a: Skarmory\n|-resisted|p1a: Skarmory\n|-damage|p1a: Skarmory|178/235\n|\n|-heal|p1a: Skarmory|192/235|[from] item: Leftovers\n|-damage|p1a: Skarmory|163/235|[from] Leech Seed|[of] p2a: Tangrowth\n|upkeep\n|turn|3\n|\n|t:|1684353162\n|switch|p2a: Lunatone|Lunatone, L86|295/295\n|-damage|p2a: Lunatone|259/295|[from] Stealth Rock\n|move|p1a: Skarmory|Brave Bird|p2a: Lunatone\n|-resisted|p2a: Lunatone\n|-damage|p2a: Lunatone|200/295\n|-damage|p1a: Skarmory|144/235|[from] Recoil\n|\n|-heal|p1a: Skarmory|158/235|[from] item: Leftovers\n|-damage|p1a: Skarmory|129/235|[from] Leech Seed|[of] p2a: Lunatone\n|-heal|p2a: Lunatone|229/295|[silent]\n|upkeep\n|turn|4\n|\n|t:|1684353182\n|switch|p1a: Diggersby|Diggersby, L80, F|267/267\n|move|p2a: Lunatone|Power Gem|p1a: Diggersby\n|-resisted|p1a: Diggersby\n|-damage|p1a: Diggersby|203/267\n|-damage|p2a: Lunatone|200/295|[from] item: Life Orb\n|\n|upkeep\n|turn|5\n|\n|t:|1684353193\n|switch|p2a: Hitmonlee|Hitmonlee, L84, M|221/221\n|-damage|p2a: Hitmonlee|208/221|[from] Stealth Rock\n|-damage|p2a: Hitmonlee|181/221|[from] Spikes\n|move|p1a: Diggersby|Knock Off|p2a: Hitmonlee\n|-resisted|p2a: Hitmonlee\n|-crit|p2a: Hitmonlee\n|-damage|p2a: Hitmonlee|71/221\n|-enditem|p2a: Hitmonlee|White Herb|[from] move: Knock Off|[of] p1a: Diggersby\n|-damage|p1a: Diggersby|177/267|[from] item: Life Orb\n|\n|upkeep\n|turn|6\n|\n|t:|1684353238\n|switch|p1a: Exeggutor|Exeggutor, L86, F|304/304\n|move|p2a: Hitmonlee|Close Combat|p1a: Exeggutor\n|-resisted|p1a: Exeggutor\n|-damage|p1a: Exeggutor|235/304\n|-unboost|p2a: Hitmonlee|def|1\n|-unboost|p2a: Hitmonlee|spd|1\n|\n|upkeep\n|turn|7\n|\n|t:|1684353246\n|move|p2a: Hitmonlee|Knock Off|p1a: Exeggutor\n|-supereffective|p1a: Exeggutor\n|-damage|p1a: Exeggutor|79/304\n|-enditem|p1a: Exeggutor|Sitrus Berry|[from] move: Knock Off|[of] p2a: Hitmonlee\n|move|p1a: Exeggutor|Psychic|p2a: Hitmonlee\n|-supereffective|p2a: Hitmonlee\n|-damage|p2a: Hitmonlee|0 fnt\n|faint|p2a: Hitmonlee\n|\n|upkeep\n|\n|t:|1684353268\n|switch|p2a: Gengar|Gengar, L80, M|227/227\n|-damage|p2a: Gengar|199/227|[from] Stealth Rock\n|-damage|p2a: Gengar|171/227|[from] Spikes\n|turn|8\n|\n|t:|1684353291\n|move|p2a: Gengar|Shadow Ball|p1a: Exeggutor\n|-supereffective|p1a: Exeggutor\n|-damage|p1a: Exeggutor|0 fnt\n|faint|p1a: Exeggutor\n|-damage|p2a: Gengar|149/227|[from] item: Life Orb\n|\n|upkeep\n|\n|t:|1684353302\n|switch|p1a: Barraskewda|Barraskewda, L80, M|229/229\n|turn|9\n|\n|t:|1684353309\n|switch|p2a: Tangrowth|Tangrowth, L84, M|305/305\n|-damage|p2a: Tangrowth|267/305|[from] Stealth Rock\n|-damage|p2a: Tangrowth|229/305|[from] Spikes\n|move|p1a: Barraskewda|Crunch|p2a: Tangrowth\n|-damage|p2a: Tangrowth|158/305\n|-damage|p1a: Barraskewda|191/229|[from] item: Rocky Helmet|[of] p2a: Tangrowth\n|\n|upkeep\n|turn|10\n|\n|t:|1684353323\n|switch|p1a: Skarmory|Skarmory, L80, F|129/235\n|move|p2a: Tangrowth|Leech Seed|p1a: Skarmory\n|-start|p1a: Skarmory|move: Leech Seed\n|\n|-heal|p1a: Skarmory|143/235|[from] item: Leftovers\n|-damage|p1a: Skarmory|114/235|[from] Leech Seed|[of] p2a: Tangrowth\n|-heal|p2a: Tangrowth|187/305|[silent]\n|upkeep\n|turn|11\n|\n|t:|1684353332\n|switch|p2a: Lunatone|Lunatone, L86|200/295\n|-damage|p2a: Lunatone|164/295|[from] Stealth Rock\n|move|p1a: Skarmory|Spikes|p2a: Lunatone\n|-sidestart|p2: Nursey 29|Spikes\n|\n|-heal|p1a: Skarmory|128/235|[from] item: Leftovers\n|-damage|p1a: Skarmory|99/235|[from] Leech Seed|[of] p2a: Lunatone\n|-heal|p2a: Lunatone|193/295|[silent]\n|upkeep\n|turn|12\n|\n|t:|1684353350\n|move|p2a: Lunatone|Stealth Rock|p1a: Skarmory\n|-sidestart|p1: bug hunter 14|move: Stealth Rock\n|move|p1a: Skarmory|Spikes|p2a: Lunatone\n|-sidestart|p2: Nursey 29|Spikes\n|\n|-heal|p1a: Skarmory|113/235|[from] item: Leftovers\n|-damage|p1a: Skarmory|84/235|[from] Leech Seed|[of] p2a: Lunatone\n|-heal|p2a: Lunatone|222/295|[silent]\n|upkeep\n|turn|13\n|\n|t:|1684353359\n|move|p2a: Lunatone|Power Gem|p1a: Skarmory\n|-damage|p1a: Skarmory|0 fnt\n|faint|p1a: Skarmory\n|-damage|p2a: Lunatone|193/295|[from] item: Life Orb\n|\n|upkeep\n|\n|t:|1684353407\n|switch|p1a: Diggersby|Diggersby, L80, F|177/267\n|-damage|p1a: Diggersby|161/267|[from] Stealth Rock\n|turn|14\n|\n|t:|1684353413\n|move|p1a: Diggersby|Knock Off|p2a: Lunatone\n|-supereffective|p2a: Lunatone\n|-damage|p2a: Lunatone|0 fnt\n|-enditem|p2a: Lunatone|Life Orb|[from] move: Knock Off|[of] p1a: Diggersby\n|faint|p2a: Lunatone\n|-damage|p1a: Diggersby|135/267|[from] item: Life Orb\n|\n|upkeep\n|\n|t:|1684353424\n|switch|p2a: Gengar|Gengar, L80, M|149/227\n|-damage|p2a: Gengar|121/227|[from] Stealth Rock\n|-damage|p2a: Gengar|65/227|[from] Spikes\n|turn|15\n|\n|t:|1684353434\n|move|p2a: Gengar|Focus Blast|p1a: Diggersby\n|-supereffective|p1a: Diggersby\n|-damage|p1a: Diggersby|0 fnt\n|faint|p1a: Diggersby\n|-damage|p2a: Gengar|43/227|[from] item: Life Orb\n|\n|upkeep\n|\n|t:|1684353439\n|switch|p1a: Barraskewda|Barraskewda, L80, M|191/229\n|-damage|p1a: Barraskewda|163/229|[from] Stealth Rock\n|turn|16\n|\n|t:|1684353452\n|move|p1a: Barraskewda|Crunch|p2a: Gengar\n|-supereffective|p2a: Gengar\n|-damage|p2a: Gengar|0 fnt\n|-start|p1a: Barraskewda|Disable|Crunch|[from] ability: Cursed Body|[of] p2a: Gengar\n|faint|p2a: Gengar\n|\n|upkeep\n|\n|t:|1684353460\n|switch|p2a: Roserade|Roserade, L84, M|238/238\n|-damage|p2a: Roserade|209/238|[from] Stealth Rock\n|-damage|p2a: Roserade|150/238|[from] Spikes\n|turn|17\n|\n|t:|1684353483\n|-activate|p1a: Barraskewda|move: Struggle\n|move|p1a: Barraskewda|Struggle|p2a: Roserade\n|-damage|p2a: Roserade|78/238\n|-damage|p1a: Barraskewda|106/229|[from] recoil\n|move|p2a: Roserade|Sludge Bomb|p1a: Barraskewda\n|-damage|p1a: Barraskewda|0 fnt\n|faint|p1a: Barraskewda\n|\n|-heal|p2a: Roserade|92/238|[from] item: Black Sludge\n|upkeep\n|\n|t:|1684353492\n|switch|p1a: Scyther|Scyther, L81, F|246/246\n|turn|18\n|\n|t:|1684353502\n|move|p1a: Scyther|Dual Wingbeat|p2a: Roserade\n|-supereffective|p2a: Roserade\n|-damage|p2a: Roserade|0 fnt\n|faint|p2a: Roserade\n|-hitcount|p2: Roserade|1\n|\n|upkeep\n|\n|t:|1684353507\n|switch|p2a: Golurk|Golurk, L82|280/280\n|-damage|p2a: Golurk|263/280|[from] Stealth Rock\n|-damage|p2a: Golurk|193/280|[from] Spikes\n|turn|19\n|\n|t:|1684353540\n|move|p1a: Scyther|U-turn|p2a: Golurk\n|-resisted|p2a: Golurk\n|-damage|p2a: Golurk|151/280\n|\n|t:|1684353543\n|switch|p1a: Diancie|Diancie, L82|216/216|[from] U-turn\n|-damage|p1a: Diancie|189/216|[from] Stealth Rock\n|move|p2a: Golurk|Stone Edge|p1a: Diancie\n|-damage|p1a: Diancie|100/216\n|\n|-heal|p1a: Diancie|113/216|[from] item: Leftovers\n|upkeep\n|turn|20\n|\n|t:|1684353556\n|switch|p1a: Scyther|Scyther, L81, F|246/246\n|-start|p2a: Golurk|Dynamax|\n|-heal|p2a: Golurk|302/560|[silent]\n|move|p2a: Golurk|Max Quake|p1a: Scyther\n|-immune|p1a: Scyther\n|\n|upkeep\n|turn|21\n|\n|t:|1684353572\n|move|p1a: Scyther|U-turn|p2a: Golurk\n|-resisted|p2a: Golurk\n|-damage|p2a: Golurk|260/560\n|\n|t:|1684353575\n|switch|p1a: Diancie|Diancie, L82|113/216|[from] U-turn\n|-damage|p1a: Diancie|86/216|[from] Stealth Rock\n|move|p2a: Golurk|Max Rockfall|p1a: Diancie\n|-damage|p1a: Diancie|19/216\n|-weather|Sandstorm\n|\n|-weather|Sandstorm|[upkeep]\n|-heal|p1a: Diancie|32/216|[from] item: Leftovers\n|upkeep\n|turn|22\n|\n|t:|1684353587\n|move|p2a: Golurk|Max Knuckle|p1a: Diancie\n|-damage|p1a: Diancie|0 fnt\n|-boost|p2a: Golurk|atk|1\n|faint|p1a: Diancie\n|\n|-weather|Sandstorm|[upkeep]\n|upkeep\n|\n|t:|1684353591\n|switch|p1a: Scyther|Scyther, L81, F|246/246\n|-end|p2a: Golurk|Dynamax\n|-heal|p2a: Golurk|130/280|[silent]\n|turn|23\n|\n|t:|1684353598\n|move|p1a: Scyther|Dual Wingbeat|p2a: Golurk\n|-damage|p2a: Golurk|58/280\n|-damage|p2a: Golurk|0 fnt\n|faint|p2a: Golurk\n|-hitcount|p2: Golurk|2\n|\n|-weather|Sandstorm|[upkeep]\n|-damage|p1a: Scyther|231/246|[from] Sandstorm\n|upkeep\n|\n|t:|1684353606\n|switch|p2a: Tangrowth|Tangrowth, L84, M|288/305\n|-damage|p2a: Tangrowth|250/305|[from] Stealth Rock\n|-damage|p2a: Tangrowth|174/305|[from] Spikes\n|turn|24\n|c|\u2606Nursey 29|very well played gg\n|c|\u2606bug hunter 14|gg\n|\n|t:|1684353627\n|-start|p1a: Scyther|Dynamax|\n|-heal|p1a: Scyther|462/492|[silent]\n|move|p1a: Scyther|Max Airstream|p2a: Tangrowth\n|-supereffective|p2a: Tangrowth\n|-damage|p2a: Tangrowth|0 fnt\n|-boost|p1a: Scyther|spe|1\n|faint|p2a: Tangrowth\n|\n|win|bug hunter 14\n|raw|bug hunter 14's rating: 1586 &rarr; <strong>1610</strong><br />(+24 for winning)\n|raw|Nursey 29's rating: 1657 &rarr; <strong>1633</strong><br />(-24 for losing)\n", "inputlog": ">version 3f967b429d9dd76d8eb692efdd7dfe9038092d20\n>start {\"formatid\":\"gen8randombattle\",\"seed\":[12574,43226,14138,59824],\"rated\":\"Rated battle\"}\n>player p1 {\"name\":\"bug hunter 14\",\"avatar\":\"ballguy\",\"rating\":1586,\"seed\":[29662,40125,38774,6248]}\n>player p2 {\"name\":\"Nursey 29\",\"avatar\":\"lucas\",\"rating\":1657,\"seed\":[22076,36258,54648,44952]}\n>chat \u2606bug hunter 14|glhf\n>p1 move stealthrock\n>p2 move leechseed\n>chat \u2606Nursey 29|u2\n>chat \u2606bug hunter 14|ty\n>p1 move spikes\n>p2 move gigadrain\n>p1 move bravebird\n>p2 switch 5\n>p1 switch 5\n>p2 move powergem\n>p1 move knockoff\n>p2 switch 2\n>p1 switch 3\n>p2 move closecombat\n>p1 move psychic\n>p2 move knockoff\n>p2 switch 4\n>p1 move psychic\n>p2 move shadowball\n>p1 switch 4\n>p1 move crunch\n>p2 switch 5\n>p1 switch 5\n>p2 move leechseed\n>p1 move spikes\n>p2 switch 2\n>p1 move spikes\n>p2 move stealthrock\n>p1 move bravebird\n>p2 move powergem\n>p1 switch 3\n>p1 move knockoff\n>p2 move moonblast\n>p2 switch 5\n>p1 move knockoff\n>p2 move focusblast\n>p1 switch 5\n>p1 move crunch\n>p2 move sludgewave\n>p2 switch 6\n>p1 move struggle\n>p2 move sludgebomb\n>p1 switch 2\n>p1 move dualwingbeat\n>p2 move sludgebomb\n>p2 switch 3\n>p1 move uturn\n>p2 move stoneedge\n>p1 switch 6\n>p1 switch 6\n>p2 move earthquake dynamax\n>p1 move uturn\n>p2 move stoneedge dynamax\n>p1 switch 6\n>p1 move moonblast\n>p2 move dynamicpunch dynamax\n>p1 switch 6\n>p1 move dualwingbeat\n>p2 move stoneedge\n>p2 switch 2\n>chat \u2606Nursey 29|very well played gg\n>chat \u2606bug hunter 14|gg\n>p1 move dualwingbeat dynamax\n>p2 move sludgebomb", "uploadtime": 1684353637, "views": 5, "p1id": "bughunter14", "p2id": "nursey29", "formatid": "gen8randombattle", "rating": 1610, "private": 0, "password": ""}