{"id": "gen8randombattle-1872698459", "p1": "Brendanpal", "p2": "deaniedean", "format": "[Gen 8] Random Battle", "log": "|j|\u2606Brendanpal\n|j|\u2606deaniedean\n|t:|1685270366\n|gametype|singles\n|player|p1|Brendanpal|102|1347\n|player|p2|deaniedean|266|1492\n|teamsize|p1|6\n|teamsize|p2|6\n|gen|8\n|tier|[Gen 8] Random Battle\n|rated|\n|rule|Species Clause: Limit one of each Pok\u00e9mon\n|rule|HP Percentage Mod: HP is shown in percentages\n|rule|Sleep Clause Mod: Limit one foe put to sleep\n|\n|t:|1685270366\n|start\n|switch|p1a: Toxapex|Toxapex, L82, M|216/216\n|switch|p2a: Suicune|Suicune, L80|291/291\n|-ability|p2a: Suicune|Pressure\n|turn|1\n|inactive|Battle timer is ON: inactive players will automatically lose when time's up. (requested by Brendanpal)\n|\n|t:|1685270376\n|switch|p2a: Naganadel|Naganadel, L74|230/230\n|move|p1a: Toxapex|Toxic Spikes|p2a: Naganadel\n|-sidestart|p2: deaniedean|move: Toxic Spikes\n|\n|upkeep\n|turn|2\n|j| rahmizzle\n|\n|t:|1685270406\n|switch|p1a: Delibird|Delibird, M|252/252\n|move|p2a: Naganadel|Nasty Plot|p2a: Naganadel\n|-boost|p2a: Naganadel|spa|2\n|\n|upkeep\n|turn|3\n|\n|t:|1685270413\n|move|p2a: Naganadel|Fire Blast|p1a: Delibird\n|-supereffective|p1a: Delibird\n|-damage|p1a: Delibird|0 fnt\n|faint|p1a: Delibird\n|-ability|p2a: Naganadel|Beast Boost|boost\n|-boost|p2a: Naganadel|spa|1\n|-damage|p2a: Naganadel|207/230|[from] item: Life Orb\n|\n|upkeep\n|inactive|Brendanpal has 120 seconds left.\n|\n|t:|1685270428\n|switch|p1a: Pyukumuku|Pyukumuku, L84, F|230/230\n|turn|4\n|\n|t:|1685270441\n|switch|p2a: Vikavolt|Vikavolt, L82, F|260/260\n|move|p1a: Pyukumuku|Mirror Coat||[still]\n|-fail|p1a: Pyukumuku\n|\n|upkeep\n|turn|5\n|\n|t:|1685270449\n|switch|p1a: Toxapex|Toxapex, L82, M|216/216\n|move|p2a: Vikavolt|Thunderbolt|p1a: Toxapex\n|-supereffective|p1a: Toxapex\n|-damage|p1a: Toxapex|40/216\n|\n|-heal|p1a: Toxapex|53/216|[from] item: Black Sludge\n|upkeep\n|turn|6\n|\n|t:|1685270459\n|switch|p1a: Luxray|Luxray, L84, F|272/272\n|move|p2a: Vikavolt|Volt Switch|p1a: Luxray\n|-resisted|p1a: Luxray\n|-damage|p1a: Luxray|221/272\n|\n|t:|1685270462\n|switch|p2a: Naganadel|Naganadel, L74|207/230|[from] Volt Switch\n|-sideend|p2: deaniedean|move: Toxic Spikes|[of] p2a: Naganadel\n|\n|-status|p1a: Luxray|brn|[from] item: Flame Orb\n|upkeep\n|turn|7\n|\n|t:|1685270469\n|move|p2a: Naganadel|Draco Meteor|p1a: Luxray\n|-damage|p1a: Luxray|22/272 brn\n|-unboost|p2a: Naganadel|spa|2\n|-damage|p2a: Naganadel|184/230|[from] item: Life Orb\n|move|p1a: Luxray|Agility|p1a: Luxray\n|-boost|p1a: Luxray|spe|2\n|\n|-damage|p1a: Luxray|5/272 brn|[from] brn\n|upkeep\n|turn|8\n|\n|t:|1685270480\n|move|p1a: Luxray|Facade|p2a: Naganadel\n|-damage|p2a: Naganadel|0 fnt\n|faint|p2a: Naganadel\n|\n|-damage|p1a: Luxray|0 fnt|[from] brn\n|faint|p1a: Luxray\n|upkeep\n|\n|t:|1685270486\n|switch|p2a: Vikavolt|Vikavolt, L82, F|260/260\n|switch|p1a: Toxapex|Toxapex, L82, M|125/216\n|turn|9\n|\n|t:|1685270496\n|switch|p1a: Falinks|Falinks, L84|246/246\n|move|p2a: Vikavolt|Thunderbolt|p1a: Falinks\n|-damage|p1a: Falinks|80/246\n|\n|upkeep\n|turn|10\n|\n|t:|1685270503\n|move|p1a: Falinks|Rock Slide|p2a: Vikavolt\n|-supereffective|p2a: Vikavolt\n|-damage|p2a: Vikavolt|109/260\n|-damage|p1a: Falinks|56/246|[from] item: Life Orb\n|move|p2a: Vikavolt|Thunderbolt|p1a: Falinks\n|-damage|p1a: Falinks|0 fnt\n|faint|p1a: Falinks\n|\n|upkeep\n|\n|t:|1685270512\n|switch|p1a: Flapple|Flapple, L84, F|255/255\n|turn|11\n|\n|t:|1685270524\n|move|p1a: Flapple|Outrage|p2a: Vikavolt\n|-damage|p2a: Vikavolt|0 fnt\n|faint|p2a: Vikavolt\n|\n|upkeep\n|\n|t:|1685270529\n|switch|p2a: Grapploct|Grapploct, L86, M|278/278\n|turn|12\n|\n|t:|1685270535\n|move|p1a: Flapple|Outrage|p2a: Grapploct|[from]lockedmove\n|-damage|p2a: Grapploct|0 fnt\n|faint|p2a: Grapploct\n|-start|p1a: Flapple|confusion|[fatigue]\n|\n|upkeep\n|\n|t:|1685270542\n|switch|p2a: Whiscash|Whiscash, L86, F|329/329\n|turn|13\n|\n|t:|1685270548\n|-activate|p1a: Flapple|confusion\n|move|p1a: Flapple|Outrage|p2a: Whiscash\n|-damage|p2a: Whiscash|0 fnt\n|faint|p2a: Whiscash\n|\n|upkeep\n|\n|t:|1685270553\n|switch|p2a: Suicune|Suicune, L80|291/291\n|-ability|p2a: Suicune|Pressure\n|turn|14\n|\n|t:|1685270556\n|move|p2a: Suicune|Scald|p1a: Flapple\n|-resisted|p1a: Flapple\n|-damage|p1a: Flapple|230/255\n|-status|p1a: Flapple|brn\n|-activate|p1a: Flapple|confusion\n|move|p1a: Flapple|Outrage|p2a: Suicune|[from]lockedmove\n|-damage|p2a: Suicune|153/291\n|\n|-heal|p2a: Suicune|171/291|[from] item: Leftovers\n|-damage|p1a: Flapple|215/255 brn|[from] brn\n|upkeep\n|turn|15\n|\n|t:|1685270565\n|move|p2a: Suicune|Calm Mind|p2a: Suicune\n|-boost|p2a: Suicune|spa|1\n|-boost|p2a: Suicune|spd|1\n|-end|p1a: Flapple|confusion\n|move|p1a: Flapple|Outrage|p2a: Suicune|[from]lockedmove\n|-damage|p2a: Suicune|45/291\n|-start|p1a: Flapple|confusion|[fatigue]\n|\n|-heal|p2a: Suicune|63/291|[from] item: Leftovers\n|-damage|p1a: Flapple|200/255 brn|[from] brn\n|upkeep\n|turn|16\n|\n|t:|1685270573\n|move|p2a: Suicune|Rest|p2a: Suicune\n|-status|p2a: Suicune|slp|[from] move: Rest\n|-heal|p2a: Suicune|291/291 slp|[silent]\n|-activate|p1a: Flapple|confusion\n|move|p1a: Flapple|Outrage|p2a: Suicune\n|-damage|p2a: Suicune|168/291 slp\n|\n|-heal|p2a: Suicune|186/291 slp|[from] item: Leftovers\n|-damage|p1a: Flapple|185/255 brn|[from] brn\n|upkeep\n|turn|17\n|\n|t:|1685270597\n|cant|p2a: Suicune|slp\n|-activate|p1a: Flapple|confusion\n|move|p1a: Flapple|Outrage|p2a: Suicune|[from]lockedmove\n|-damage|p2a: Suicune|49/291 slp\n|\n|-heal|p2a: Suicune|67/291 slp|[from] item: Leftovers\n|-damage|p1a: Flapple|170/255 brn|[from] brn\n|upkeep\n|turn|18\n|\n|t:|1685270604\n|cant|p2a: Suicune|slp\n|-activate|p1a: Flapple|confusion\n|move|p1a: Flapple|Outrage|p2a: Suicune\n|-damage|p2a: Suicune|0 fnt\n|faint|p2a: Suicune\n|\n|-damage|p1a: Flapple|155/255 brn|[from] brn\n|upkeep\n|\n|t:|1685270610\n|switch|p2a: Electivire|Electivire, L82, F|257/257\n|turn|19\n|\n|t:|1685270616\n|-start|p2a: Electivire|Dynamax|\n|-heal|p2a: Electivire|514/514|[silent]\n|move|p2a: Electivire|Max Knuckle|p1a: Flapple\n|-damage|p1a: Flapple|45/255 brn\n|-boost|p2a: Electivire|atk|1\n|-damage|p2a: Electivire|489/514|[from] item: Life Orb\n|-end|p1a: Flapple|confusion\n|move|p1a: Flapple|Outrage|p2a: Electivire|[from]lockedmove\n|-damage|p2a: Electivire|290/514\n|-start|p1a: Flapple|confusion|[fatigue]\n|\n|-damage|p1a: Flapple|30/255 brn|[from] brn\n|upkeep\n|turn|20\n|\n|t:|1685270630\n|move|p2a: Electivire|Max Knuckle|p1a: Flapple\n|-damage|p1a: Flapple|0 fnt\n|-boost|p2a: Electivire|atk|1\n|faint|p1a: Flapple\n|-damage|p2a: Electivire|265/514|[from] item: Life Orb\n|\n|upkeep\n|\n|t:|1685270634\n|switch|p1a: Toxapex|Toxapex, L82, M|197/216\n|turn|21\n|\n|t:|1685270639\n|move|p1a: Toxapex|Baneful Bunker|p1a: Toxapex\n|-singleturn|p1a: Toxapex|move: Protect\n|move|p2a: Electivire|Max Lightning|p1a: Toxapex\n|-supereffective|p1a: Toxapex\n|-zbroken|p1a: Toxapex\n|-damage|p1a: Toxapex|53/216\n|-fieldstart|move: Electric Terrain\n|-damage|p2a: Electivire|240/514|[from] item: Life Orb\n|\n|-heal|p1a: Toxapex|66/216|[from] item: Black Sludge\n|upkeep\n|-end|p2a: Electivire|Dynamax\n|-heal|p2a: Electivire|120/257|[silent]\n|turn|22\n|\n|t:|1685270650\n|move|p2a: Electivire|Earthquake|p1a: Toxapex\n|-supereffective|p1a: Toxapex\n|-damage|p1a: Toxapex|0 fnt\n|faint|p1a: Toxapex\n|-damage|p2a: Electivire|95/257|[from] item: Life Orb\n|\n|upkeep\n|l|\u2606deaniedean\n|inactive|deaniedean disconnected and has a minute to reconnect!\n|player|p2|\n|\n|t:|1685270654\n|switch|p1a: Pyukumuku|Pyukumuku, L84, F|230/230\n|turn|23\n|j|\u2606deaniedean\n|inactive|deaniedean reconnected and has 135 seconds left.\n|player|p2|deaniedean|266\n|\n|t:|1685270674\n|-start|p1a: Pyukumuku|Dynamax|\n|-heal|p1a: Pyukumuku|460/460|[silent]\n|move|p2a: Electivire|Wild Charge|p1a: Pyukumuku\n|-supereffective|p1a: Pyukumuku\n|-damage|p1a: Pyukumuku|179/460\n|-damage|p2a: Electivire|25/257|[from] Recoil\n|-damage|p2a: Electivire|0 fnt|[from] item: Life Orb\n|faint|p2a: Electivire\n|\n|win|Brendanpal\n|raw|Brendanpal's rating: 1347 &rarr; <strong>1375</strong><br />(+28 for winning)\n|raw|deaniedean's rating: 1492 &rarr; <strong>1464</strong><br />(-28 for losing)\n|l|\u2606deaniedean\n", "inputlog": ">version d74822bbc74c095aa312053f7034baee3068d99e\n>start {\"formatid\":\"gen8randombattle\",\"seed\":[45177,26948,2547,52939],\"rated\":\"Rated battle\"}\n>player p1 {\"name\":\"Brendanpal\",\"avatar\":\"102\",\"rating\":1347,\"seed\":[41387,18333,58887,47321]}\n>player p2 {\"name\":\"deaniedean\",\"avatar\":\"266\",\"rating\":1492,\"seed\":[63176,10091,32508,33069]}\n>p1 move toxicspikes\n>p2 switch 5\n>p1 switch 4\n>p2 move nastyplot\n>p1 move freezedry\n>p2 move fireblast\n>p1 switch 2\n>p1 move mirrorcoat\n>p2 switch 3\n>p1 switch 4\n>p2 move thunderbolt\n>p1 switch 3\n>p2 move voltswitch\n>p2 switch 3\n>p1 move agility\n>p2 move dracometeor\n>p1 move facade\n>p2 move sludgewave\n>p1 switch 3\n>p2 switch 3\n>p1 switch 6\n>p2 move thunderbolt\n>p1 move rockslide\n>p2 move thunderbolt\n>p1 switch 5\n>p1 move outrage\n>p2 move bugbuzz\n>p2 switch 2\n>p1 move outrage\n>p2 move icepunch\n>p2 switch 4\n>p1 move outrage\n>p2 move dragondance\n>p2 switch 5\n>p1 move outrage\n>p2 move scald\n>p1 move outrage\n>p2 move calmmind\n>p1 move outrage\n>p2 move rest\n>p1 move outrage\n>p2 move calmmind\n>p1 move outrage\n>p2 move scald\n>p2 switch 6\n>p1 move outrage\n>p2 move crosschop dynamax\n>p1 move outrage\n>p2 move crosschop dynamax\n>p1 switch 6\n>p1 move banefulbunker\n>p2 move wildcharge dynamax\n>p1 move recover\n>p2 move earthquake\n>p1 switch 4\n>p1 move mirrorcoat dynamax\n>p2 move wildcharge", "uploadtime": 1685270685, "views": 4, "p1id": "brendanpal", "p2id": "deaniedean", "formatid": "gen8randombattle", "rating": 1375, "private": 0, "password": ""}