{"id": "gen8randombattle-1707510768", "p1": "MichaelderBeste2", "p2": "FaZe Alec Baldwin", "format": "[Gen 8] Random Battle", "log": "|j|\u2606MichaelderBeste2\n|j|\u2606FaZe Alec Baldwin\n|t:|1668099889\n|gametype|singles\n|player|p1|MichaelderBeste2|#wcop2021germany|2527\n|player|p2|FaZe Alec Baldwin|drayden|2414\n|teamsize|p1|6\n|teamsize|p2|6\n|gen|8\n|tier|[Gen 8] Random Battle\n|rated|\n|rule|Species Clause: Limit one of each Pok\u00e9mon\n|rule|HP Percentage Mod: HP is shown in percentages\n|rule|Sleep Clause Mod: Limit one foe put to sleep\n|\n|t:|1668099889\n|start\n|switch|p1a: Chandelure|Chandelure, L82, F|233/233\n|switch|p2a: Hippowdon|Hippowdon, L80, F|304/304\n|-weather|Sandstorm|[from] ability: Sand Stream|[of] p2a: Hippowdon\n|turn|1\n|inactive|Battle timer is ON: inactive players will automatically lose when time's up. (requested by FaZe Alec Baldwin)\n|inactive|FaZe Alec Baldwin has 120 seconds left.\n|\n|t:|1668099920\n|switch|p1a: Decidueye|Decidueye, L86, F|274/274\n|move|p2a: Hippowdon|Earthquake|p1a: Decidueye\n|-resisted|p1a: Decidueye\n|-damage|p1a: Decidueye|215/274\n|\n|-weather|Sandstorm|[upkeep]\n|-damage|p1a: Decidueye|198/274|[from] Sandstorm\n|upkeep\n|turn|2\n|\n|t:|1668099929\n|move|p1a: Decidueye|Poltergeist|p2a: Hippowdon\n|-activate|p2a: Hippowdon|move: Poltergeist|Leftovers\n|-damage|p2a: Hippowdon|170/304\n|-damage|p1a: Decidueye|171/274|[from] item: Life Orb\n|move|p2a: Hippowdon|Stealth Rock|p1a: Decidueye\n|-sidestart|p1: MichaelderBeste2|move: Stealth Rock\n|\n|-weather|Sandstorm|[upkeep]\n|-damage|p1a: Decidueye|154/274|[from] Sandstorm\n|-heal|p2a: Hippowdon|189/304|[from] item: Leftovers\n|upkeep\n|turn|3\n|\n|t:|1668099940\n|switch|p2a: Unfezant|Unfezant, L84, M|271/271\n|move|p1a: Decidueye|Poltergeist|p2a: Unfezant\n|-immune|p2a: Unfezant\n|\n|-weather|Sandstorm|[upkeep]\n|-damage|p2a: Unfezant|255/271|[from] Sandstorm\n|-damage|p1a: Decidueye|137/274|[from] Sandstorm\n|upkeep\n|turn|4\n|\n|t:|1668099947\n|move|p2a: Unfezant|Brave Bird|p1a: Decidueye\n|-supereffective|p1a: Decidueye\n|-damage|p1a: Decidueye|0 fnt\n|faint|p1a: Decidueye\n|-damage|p2a: Unfezant|210/271|[from] Recoil\n|\n|-weather|Sandstorm|[upkeep]\n|-damage|p2a: Unfezant|194/271|[from] Sandstorm\n|upkeep\n|\n|t:|1668099960\n|switch|p1a: Lycanroc|Lycanroc, L80, M|251/251\n|-damage|p1a: Lycanroc|220/251|[from] Stealth Rock\n|turn|5\n|\n|t:|1668099965\n|move|p1a: Lycanroc|Swords Dance|p1a: Lycanroc\n|-boost|p1a: Lycanroc|atk|2\n|move|p2a: Unfezant|U-turn|p1a: Lycanroc\n|-damage|p1a: Lycanroc|152/251\n|\n|t:|1668099983\n|switch|p2a: Hippowdon|Hippowdon, L80, F|189/304\n|\n|-weather|none\n|-heal|p2a: Hippowdon|208/304|[from] item: Leftovers\n|upkeep\n|turn|6\n|\n|t:|1668099991\n|move|p1a: Lycanroc|Close Combat|p2a: Hippowdon\n|-damage|p2a: Hippowdon|8/304\n|-unboost|p1a: Lycanroc|def|1\n|-unboost|p1a: Lycanroc|spd|1\n|-damage|p1a: Lycanroc|127/251|[from] item: Life Orb\n|move|p2a: Hippowdon|Earthquake|p1a: Lycanroc\n|-supereffective|p1a: Lycanroc\n|-damage|p1a: Lycanroc|0 fnt\n|faint|p1a: Lycanroc\n|\n|-heal|p2a: Hippowdon|27/304|[from] item: Leftovers\n|upkeep\n|\n|t:|1668099997\n|switch|p1a: Chandelure|Chandelure, L82, F|233/233\n|turn|7\n|\n|t:|1668100009\n|move|p1a: Chandelure|Shadow Ball|p2a: Hippowdon\n|-damage|p2a: Hippowdon|0 fnt\n|faint|p2a: Hippowdon\n|\n|upkeep\n|\n|t:|1668100012\n|switch|p2a: Pelipper|Pelipper, L86, F|243/243\n|-weather|RainDance|[from] ability: Drizzle|[of] p2a: Pelipper\n|turn|8\n|\n|t:|1668100021\n|switch|p1a: Pyukumuku|Pyukumuku, L84, F|230/230\n|-damage|p1a: Pyukumuku|202/230|[from] Stealth Rock\n|move|p2a: Pelipper|Scald|p1a: Pyukumuku\n|-resisted|p1a: Pyukumuku\n|-damage|p1a: Pyukumuku|130/230\n|\n|-weather|RainDance|[upkeep]\n|-heal|p1a: Pyukumuku|144/230|[from] item: Leftovers\n|upkeep\n|turn|9\n|\n|t:|1668100035\n|switch|p2a: Ribombee|Ribombee, L82, F|233/233\n|move|p1a: Pyukumuku|Toxic|p2a: Ribombee\n|-status|p2a: Ribombee|tox\n|\n|-weather|RainDance|[upkeep]\n|-heal|p1a: Pyukumuku|158/230|[from] item: Leftovers\n|-damage|p2a: Ribombee|219/233 tox|[from] psn\n|upkeep\n|turn|10\n|\n|t:|1668100042\n|move|p2a: Ribombee|Sticky Web|p1a: Pyukumuku\n|-sidestart|p1: MichaelderBeste2|move: Sticky Web\n|move|p1a: Pyukumuku|Recover|p1a: Pyukumuku\n|-heal|p1a: Pyukumuku|230/230\n|\n|-weather|RainDance|[upkeep]\n|-damage|p2a: Ribombee|191/233 tox|[from] psn\n|upkeep\n|turn|11\n|\n|t:|1668100049\n|move|p2a: Ribombee|Moonblast|p1a: Pyukumuku\n|-damage|p1a: Pyukumuku|157/230\n|-unboost|p1a: Pyukumuku|spa|1\n|move|p1a: Pyukumuku|Mirror Coat|p2a: Ribombee\n|-damage|p2a: Ribombee|45/233 tox\n|\n|-weather|RainDance|[upkeep]\n|-heal|p1a: Pyukumuku|171/230|[from] item: Leftovers\n|-damage|p2a: Ribombee|3/233 tox|[from] psn\n|upkeep\n|turn|12\n|\n|t:|1668100057\n|move|p2a: Ribombee|Moonblast|p1a: Pyukumuku\n|-damage|p1a: Pyukumuku|101/230\n|move|p1a: Pyukumuku|Recover|p1a: Pyukumuku\n|-heal|p1a: Pyukumuku|216/230\n|\n|-weather|none\n|-heal|p1a: Pyukumuku|230/230|[from] item: Leftovers\n|-damage|p2a: Ribombee|0 fnt|[from] psn\n|faint|p2a: Ribombee\n|upkeep\n|\n|t:|1668100066\n|switch|p2a: Unfezant|Unfezant, L84, M|194/271\n|turn|13\n|\n|t:|1668100071\n|move|p2a: Unfezant|Brave Bird|p1a: Pyukumuku\n|-crit|p1a: Pyukumuku\n|-damage|p1a: Pyukumuku|76/230\n|-damage|p2a: Unfezant|143/271|[from] Recoil\n|move|p1a: Pyukumuku|Recover|p1a: Pyukumuku\n|-heal|p1a: Pyukumuku|191/230\n|\n|-heal|p1a: Pyukumuku|205/230|[from] item: Leftovers\n|upkeep\n|turn|14\n|\n|t:|1668100077\n|switch|p1a: Chandelure|Chandelure, L82, F|233/233\n|move|p2a: Unfezant|Brave Bird|p1a: Chandelure\n|-damage|p1a: Chandelure|80/233\n|-damage|p2a: Unfezant|93/271|[from] Recoil\n|\n|upkeep\n|turn|15\n|\n|t:|1668100084\n|move|p2a: Unfezant|Brave Bird|p1a: Chandelure\n|-crit|p1a: Chandelure\n|-damage|p1a: Chandelure|0 fnt\n|faint|p1a: Chandelure\n|-damage|p2a: Unfezant|67/271|[from] Recoil\n|\n|upkeep\n|\n|t:|1668100087\n|switch|p1a: Slurpuff|Slurpuff, L80, F|262/262\n|-damage|p1a: Slurpuff|230/262|[from] Stealth Rock\n|-activate|p1a: Slurpuff|move: Sticky Web\n|-unboost|p1a: Slurpuff|spe|1\n|turn|16\n|\n|t:|1668100094\n|move|p2a: Unfezant|Brave Bird|p1a: Slurpuff\n|-damage|p1a: Slurpuff|68/262\n|-enditem|p1a: Slurpuff|Sitrus Berry|[eat]\n|-heal|p1a: Slurpuff|133/262|[from] item: Sitrus Berry\n|-damage|p2a: Unfezant|14/271|[from] Recoil\n|move|p1a: Slurpuff|Drain Punch|p2a: Unfezant\n|-damage|p2a: Unfezant|0 fnt\n|-heal|p1a: Slurpuff|140/262|[from] drain|[of] p2a: Unfezant\n|faint|p2a: Unfezant\n|\n|upkeep\n|\n|t:|1668100106\n|switch|p2a: Pelipper|Pelipper, L86, F|243/243\n|-weather|RainDance|[from] ability: Drizzle|[of] p2a: Pelipper\n|turn|17\n|\n|t:|1668100110\n|move|p1a: Slurpuff|Play Rough|p2a: Pelipper\n|-damage|p2a: Pelipper|174/243\n|-unboost|p2a: Pelipper|atk|1\n|move|p2a: Pelipper|Hurricane|p1a: Slurpuff\n|-damage|p1a: Slurpuff|0 fnt\n|faint|p1a: Slurpuff\n|\n|-weather|RainDance|[upkeep]\n|upkeep\n|\n|t:|1668100115\n|switch|p1a: Pyukumuku|Pyukumuku, L84, F|205/230\n|-damage|p1a: Pyukumuku|177/230|[from] Stealth Rock\n|-activate|p1a: Pyukumuku|move: Sticky Web\n|-unboost|p1a: Pyukumuku|spe|1\n|turn|18\n|\n|t:|1668100119\n|switch|p2a: Lucario|Lucario, L82, F|249/249\n|move|p1a: Pyukumuku|Mirror Coat||[still]\n|-fail|p1a: Pyukumuku\n|\n|-weather|RainDance|[upkeep]\n|-heal|p1a: Pyukumuku|191/230|[from] item: Leftovers\n|upkeep\n|turn|19\n|\n|t:|1668100124\n|switch|p1a: Zapdos|Zapdos-Galar, L76|262/262\n|-damage|p1a: Zapdos|230/262|[from] Stealth Rock\n|move|p2a: Lucario|Swords Dance|p2a: Lucario\n|-boost|p2a: Lucario|atk|2\n|\n|-weather|RainDance|[upkeep]\n|upkeep\n|turn|20\n|\n|t:|1668100133\n|-start|p2a: Lucario|Dynamax|\n|-heal|p2a: Lucario|498/498|[silent]\n|move|p1a: Zapdos|Close Combat|p2a: Lucario\n|-supereffective|p2a: Lucario\n|-damage|p2a: Lucario|129/498\n|-unboost|p1a: Zapdos|def|1\n|-unboost|p1a: Zapdos|spd|1\n|-damage|p1a: Zapdos|204/262|[from] item: Life Orb\n|move|p2a: Lucario|Max Steelspike|p1a: Zapdos\n|-damage|p1a: Zapdos|0 fnt\n|-boost|p2a: Lucario|def|1\n|faint|p1a: Zapdos\n|-damage|p2a: Lucario|105/498|[from] item: Life Orb\n|\n|-weather|RainDance|[upkeep]\n|upkeep\n|\n|t:|1668100136\n|switch|p1a: Pyukumuku|Pyukumuku, L84, F|191/230\n|-damage|p1a: Pyukumuku|163/230|[from] Stealth Rock\n|-activate|p1a: Pyukumuku|move: Sticky Web\n|-unboost|p1a: Pyukumuku|spe|1\n|turn|21\n|\n|t:|1668100146\n|move|p2a: Lucario|Max Guard|p2a: Lucario\n|-singleturn|p2a: Lucario|Max Guard\n|move|p1a: Pyukumuku|Recover|p1a: Pyukumuku\n|-heal|p1a: Pyukumuku|230/230\n|\n|-weather|none\n|upkeep\n|turn|22\n|\n|t:|1668100154\n|move|p2a: Lucario|Max Guard|p2a: Lucario\n|-singleturn|p2a: Lucario|Max Guard\n|move|p1a: Pyukumuku|Counter||[still]\n|-fail|p1a: Pyukumuku\n|\n|upkeep\n|-end|p2a: Lucario|Dynamax\n|-heal|p2a: Lucario|53/249|[silent]\n|turn|23\n|\n|t:|1668100170\n|-start|p1a: Pyukumuku|Dynamax|\n|-heal|p1a: Pyukumuku|460/460|[silent]\n|move|p2a: Lucario|Swords Dance|p2a: Lucario\n|-boost|p2a: Lucario|atk|2\n|move|p1a: Pyukumuku|Max Knuckle|p2a: Lucario\n|-supereffective|p2a: Lucario\n|-damage|p2a: Lucario|0 fnt\n|-boost|p1a: Pyukumuku|atk|1\n|faint|p2a: Lucario\n|\n|upkeep\n|\n|t:|1668100179\n|switch|p2a: Pelipper|Pelipper, L86, F|174/243\n|-weather|RainDance|[from] ability: Drizzle|[of] p2a: Pelipper\n|turn|24\n|\n|t:|1668100197\n|move|p1a: Pyukumuku|Max Guard|p1a: Pyukumuku\n|-singleturn|p1a: Pyukumuku|Max Guard\n|move|p2a: Pelipper|Hurricane|p1a: Pyukumuku\n|-activate|p1a: Pyukumuku|move: Max Guard\n|\n|-weather|RainDance|[upkeep]\n|upkeep\n|turn|25\n|\n|t:|1668100199\n|move|p1a: Pyukumuku|Max Guard||[still]\n|-fail|p1a: Pyukumuku\n|move|p2a: Pelipper|Hurricane|p1a: Pyukumuku\n|-damage|p1a: Pyukumuku|336/460\n|-start|p1a: Pyukumuku|confusion\n|\n|-weather|RainDance|[upkeep]\n|-heal|p1a: Pyukumuku|350/460|[from] item: Leftovers\n|upkeep\n|-end|p1a: Pyukumuku|Dynamax\n|-heal|p1a: Pyukumuku|175/230|[silent]\n|turn|26\n|\n|t:|1668100205\n|move|p2a: Pelipper|Hurricane|p1a: Pyukumuku\n|-damage|p1a: Pyukumuku|40/230\n|-activate|p1a: Pyukumuku|confusion\n|move|p1a: Pyukumuku|Mirror Coat|p2a: Pelipper\n|-damage|p2a: Pelipper|0 fnt\n|faint|p2a: Pelipper\n|\n|-weather|RainDance|[upkeep]\n|-heal|p1a: Pyukumuku|54/230|[from] item: Leftovers\n|upkeep\n|\n|t:|1668100210\n|switch|p2a: Kabutops|Kabutops, L82, M|233/233\n|turn|27\n|\n|t:|1668100214\n|move|p2a: Kabutops|Stone Edge|p1a: Pyukumuku\n|-crit|p1a: Pyukumuku\n|-damage|p1a: Pyukumuku|0 fnt\n|faint|p1a: Pyukumuku\n|-damage|p2a: Kabutops|210/233|[from] item: Life Orb\n|\n|win|FaZe Alec Baldwin\n|raw|MichaelderBeste2's rating: 2527 &rarr; <strong>2501</strong><br />(-26 for losing)\n|raw|FaZe Alec Baldwin's rating: 2414 &rarr; <strong>2440</strong><br />(+26 for winning)\n|l|\u2606FaZe Alec Baldwin\n|l|\u2606MichaelderBeste2\n", "inputlog": ">version 453a3ad56483cc6a5c08448f6577d394b68621b7\n>start {\"formatid\":\"gen8randombattle\",\"seed\":[43852,30498,56333,35407],\"rated\":\"Rated battle\"}\n>player p1 {\"name\":\"MichaelderBeste2\",\"avatar\":\"#wcop2021germany\",\"rating\":2527,\"seed\":[27124,24931,17226,42088]}\n>player p2 {\"name\":\"FaZe Alec Baldwin\",\"avatar\":\"drayden\",\"rating\":2414,\"seed\":[14439,3219,61982,63160]}\n>p1 switch 2\n>p2 move earthquake\n>p1 move poltergeist\n>p2 move stealthrock\n>p1 move poltergeist\n>p2 switch 5\n>p1 move leafblade\n>p2 move bravebird\n>p1 switch 5\n>p1 move swordsdance\n>p2 move uturn\n>p2 switch 5\n>p1 move closecombat\n>p2 move earthquake\n>p1 switch 2\n>p1 move shadowball\n>p2 move earthquake\n>p2 switch 4\n>p1 switch 4\n>p2 move scald\n>p1 move toxic\n>p2 switch 6\n>p1 move recover\n>p2 move stickyweb\n>p1 move mirrorcoat\n>p2 move moonblast\n>p1 move recover\n>p2 move moonblast\n>p2 switch 5\n>p1 move recover\n>p2 move bravebird\n>p1 switch 4\n>p2 move bravebird\n>p1 move fireblast\n>p2 move bravebird\n>p1 switch 3\n>p1 move drainpunch\n>p2 move bravebird\n>p2 switch 6\n>p1 move playrough\n>p2 move hurricane\n>p1 switch 4\n>p1 move mirrorcoat\n>p2 switch 2\n>p1 switch 6\n>p2 move swordsdance\n>p1 move closecombat\n>p2 move meteormash dynamax\n>p1 switch 6\n>p1 move recover\n>p2 move swordsdance dynamax\n>p1 move counter\n>p2 move swordsdance dynamax\n>p1 move counter dynamax\n>p2 move swordsdance\n>p2 switch 2\n>p1 move toxic dynamax\n>p2 move hurricane\n>p1 move toxic dynamax\n>p2 move hurricane\n>p1 move mirrorcoat\n>p2 move hurricane\n>p2 switch 3\n>p1 move recover\n>p2 move stoneedge", "uploadtime": 1668100256, "views": 23, "p1id": "michaelderbeste2", "p2id": "fazealecbaldwin", "formatid": "gen8randombattle", "rating": 2440, "private": 0, "password": null}