{"id": "gen8randombattle-1874510776", "p1": "neorye", "p2": "kwc0596", "format": "[Gen 8] Random Battle", "log": "|j|\u2606neorye\n|j|\u2606kwc0596\n|t:|1685503634\n|gametype|singles\n|player|p1|neorye|102|1029\n|player|p2|kwc0596|170|1057\n|teamsize|p1|6\n|teamsize|p2|6\n|gen|8\n|tier|[Gen 8] Random Battle\n|rated|\n|rule|Species Clause: Limit one of each Pok\u00e9mon\n|rule|HP Percentage Mod: HP is shown in percentages\n|rule|Sleep Clause Mod: Limit one foe put to sleep\n|\n|t:|1685503634\n|start\n|switch|p1a: Regice|Regice, L84|271/271\n|switch|p2a: Dhelmise|Dhelmise, L86|261/261\n|turn|1\n|\n|t:|1685503660\n|move|p1a: Regice|Ice Beam|p2a: Dhelmise\n|-supereffective|p2a: Dhelmise\n|-damage|p2a: Dhelmise|69/261\n|move|p2a: Dhelmise|Swords Dance|p2a: Dhelmise\n|-boost|p2a: Dhelmise|atk|2\n|\n|upkeep\n|turn|2\n|\n|t:|1685503668\n|switch|p2a: Tapu Fini|Tapu Fini, L78|237/237\n|-fieldstart|move: Misty Terrain|[from] ability: Misty Surge|[of] p2a: Tapu Fini\n|move|p1a: Regice|Ice Beam|p2a: Tapu Fini\n|-resisted|p2a: Tapu Fini\n|-damage|p2a: Tapu Fini|200/237\n|\n|-heal|p2a: Tapu Fini|214/237|[from] item: Leftovers\n|upkeep\n|turn|3\n|\n|t:|1685503679\n|move|p2a: Tapu Fini|Calm Mind|p2a: Tapu Fini\n|-boost|p2a: Tapu Fini|spa|1\n|-boost|p2a: Tapu Fini|spd|1\n|move|p1a: Regice|Thunderbolt|p2a: Tapu Fini\n|-supereffective|p2a: Tapu Fini\n|-damage|p2a: Tapu Fini|150/237\n|\n|-heal|p2a: Tapu Fini|164/237|[from] item: Leftovers\n|upkeep\n|turn|4\n|\n|t:|1685503698\n|switch|p1a: Wobbuffet|Wobbuffet, L92, F|499/499\n|move|p2a: Tapu Fini|Calm Mind|p2a: Tapu Fini\n|-boost|p2a: Tapu Fini|spa|1\n|-boost|p2a: Tapu Fini|spd|1\n|\n|-heal|p2a: Tapu Fini|178/237|[from] item: Leftovers\n|upkeep\n|turn|5\n|\n|t:|1685503715\n|move|p2a: Tapu Fini|Taunt|p1a: Wobbuffet\n|-start|p1a: Wobbuffet|move: Taunt\n|move|p1a: Wobbuffet|Mirror Coat||[still]\n|-fail|p1a: Wobbuffet\n|\n|-heal|p2a: Tapu Fini|192/237|[from] item: Leftovers\n|upkeep\n|turn|6\n|\n|t:|1685503731\n|move|p2a: Tapu Fini|Calm Mind|p2a: Tapu Fini\n|-boost|p2a: Tapu Fini|spa|1\n|-boost|p2a: Tapu Fini|spd|1\n|move|p1a: Wobbuffet|Mirror Coat||[still]\n|-fail|p1a: Wobbuffet\n|\n|-heal|p2a: Tapu Fini|206/237|[from] item: Leftovers\n|-fieldend|Misty Terrain\n|upkeep\n|turn|7\n|\n|t:|1685503738\n|move|p2a: Tapu Fini|Calm Mind|p2a: Tapu Fini\n|-boost|p2a: Tapu Fini|spa|1\n|-boost|p2a: Tapu Fini|spd|1\n|move|p1a: Wobbuffet|Mirror Coat||[still]\n|-fail|p1a: Wobbuffet\n|\n|-heal|p2a: Tapu Fini|220/237|[from] item: Leftovers\n|-end|p1a: Wobbuffet|move: Taunt\n|upkeep\n|turn|8\n|\n|t:|1685503746\n|move|p2a: Tapu Fini|Taunt|p1a: Wobbuffet\n|-start|p1a: Wobbuffet|move: Taunt\n|move|p1a: Wobbuffet|Mirror Coat||[still]\n|-fail|p1a: Wobbuffet\n|\n|-heal|p2a: Tapu Fini|234/237|[from] item: Leftovers\n|upkeep\n|turn|9\n|\n|t:|1685503752\n|move|p2a: Tapu Fini|Calm Mind|p2a: Tapu Fini\n|-boost|p2a: Tapu Fini|spa|1\n|-boost|p2a: Tapu Fini|spd|1\n|move|p1a: Wobbuffet|Mirror Coat||[still]\n|-fail|p1a: Wobbuffet\n|\n|-heal|p2a: Tapu Fini|237/237|[from] item: Leftovers\n|upkeep\n|turn|10\n|\n|t:|1685503762\n|move|p2a: Tapu Fini|Calm Mind|p2a: Tapu Fini\n|-boost|p2a: Tapu Fini|spa|1\n|-boost|p2a: Tapu Fini|spd|1\n|move|p1a: Wobbuffet|Mirror Coat||[still]\n|-fail|p1a: Wobbuffet\n|\n|-end|p1a: Wobbuffet|move: Taunt\n|upkeep\n|turn|11\n|\n|t:|1685503770\n|move|p2a: Tapu Fini|Moonblast|p1a: Wobbuffet\n|-damage|p1a: Wobbuffet|105/499\n|-enditem|p1a: Wobbuffet|Sitrus Berry|[eat]\n|-heal|p1a: Wobbuffet|229/499|[from] item: Sitrus Berry\n|move|p1a: Wobbuffet|Mirror Coat|p2a: Tapu Fini\n|-damage|p2a: Tapu Fini|0 fnt\n|faint|p2a: Tapu Fini\n|\n|upkeep\n|\n|t:|1685503781\n|switch|p2a: Dhelmise|Dhelmise, L86|69/261\n|turn|12\n|\n|t:|1685503785\n|move|p2a: Dhelmise|Poltergeist||[still]\n|-fail|p2a: Dhelmise\n|move|p1a: Wobbuffet|Charm|p2a: Dhelmise\n|-unboost|p2a: Dhelmise|atk|2\n|\n|upkeep\n|turn|13\n|-message|kwc0596 forfeited.\n|\n|win|neorye\n|raw|neorye's rating: 1029 &rarr; <strong>1068</strong><br />(+39 for winning)\n|raw|kwc0596's rating: 1057 &rarr; <strong>1037</strong><br />(-20 for losing)\n|l|\u2606kwc0596\n", "inputlog": ">version d94486096666f9f03053a01e17a1c7fdbd408dfa\n>start {\"formatid\":\"gen8randombattle\",\"seed\":[41468,61743,31400,28068],\"rated\":\"Rated battle\"}\n>player p1 {\"name\":\"neorye\",\"avatar\":\"102\",\"rating\":1029,\"seed\":[61946,56855,50289,45312]}\n>player p2 {\"name\":\"kwc0596\",\"avatar\":\"170\",\"rating\":1057,\"seed\":[41399,34536,54133,28646]}\n>p1 move icebeam\n>p2 move swordsdance\n>p1 move icebeam\n>p2 switch 6\n>p1 move thunderbolt\n>p2 move calmmind\n>p1 switch 5\n>p2 move calmmind\n>p1 move mirrorcoat\n>p2 move taunt\n>p1 move mirrorcoat\n>p2 move calmmind\n>p1 move mirrorcoat\n>p2 move calmmind\n>p1 move mirrorcoat\n>p2 move taunt\n>p1 move mirrorcoat\n>p2 move calmmind\n>p1 move mirrorcoat\n>p2 move calmmind\n>p1 move mirrorcoat\n>p2 move moonblast\n>p2 switch 6\n>p1 move charm\n>p2 move poltergeist\n>forcelose p2", "uploadtime": 1685503798, "views": 14, "p1id": "neorye", "p2id": "kwc0596", "formatid": "gen8randombattle", "rating": 1037, "private": 0, "password": ""}