{"id": "gen8randombattle-1632324168", "p1": "fatfighter2", "p2": "Crunchman", "format": "[Gen 8] Random Battle", "log": "|j|\u2606fatfighter2\n|j|\u2606Crunchman\n|t:|1659643785\n|gametype|singles\n|player|p1|fatfighter2|misty|2454\n|player|p2|Crunchman|#crunchman|2430\n|teamsize|p1|6\n|teamsize|p2|6\n|gen|8\n|tier|[Gen 8] Random Battle\n|rated|\n|rule|Species Clause: Limit one of each Pok\u00e9mon\n|rule|HP Percentage Mod: HP is shown in percentages\n|rule|Sleep Clause Mod: Limit one foe put to sleep\n|\n|t:|1659643785\n|start\n|switch|p1a: Gothitelle|Gothitelle, L86, M|261/261\n|switch|p2a: Gourgeist|Gourgeist-Large, L84, F|263/263\n|-item|p1a: Gothitelle|Leftovers|[from] ability: Frisk|[of] p2a: Gourgeist|[identify]\n|turn|1\n|c|\u2606fatfighter2|gaming\n|c|\u2606fatfighter2|/log fatfighter2 made this room public.\n|j|+avarice\n|c|\u2606Crunchman|I hereby acknowledge and declare this game to be an official tournament game between Fatfighter2 and Crunchman playing for US Midwest and US West respectively for the Pools Stage of the 2022 World Cup of Random Battles\n|c|\u2606fatfighter2|I hereby acknowledge and declare this game to be an official tournament game between Fatfighter2 and Crunchman playing for US Midwest and US West respectively for the Pools Stage of the 2022 World Cup of Random Battles\n|j| Tenebrae Operiere\n|j| luchick\n|j| Referrals\n|j|+articoo \u263e\n|j|+not haruno\n|\n|t:|1659643915\n|switch|p1a: Arcanine|Arcanine, L82, M|282/282\n|-ability|p1a: Arcanine|Intimidate|boost\n|-unboost|p2a: Gourgeist|atk|1\n|move|p2a: Gourgeist|Will-O-Wisp|p1a: Arcanine\n|-immune|p1a: Arcanine\n|\n|upkeep\n|turn|2\n|c|+not haruno|It's crunchtime\n|\n|t:|1659643924\n|switch|p2a: Wailord|Wailord, L90, F|452/452\n|move|p1a: Arcanine|Toxic|p2a: Wailord\n|-status|p2a: Wailord|tox\n|\n|-damage|p2a: Wailord|424/452 tox|[from] psn\n|upkeep\n|turn|3\n|j| grass is beauty\n|j| Xceloh\n|\n|t:|1659643937\n|switch|p1a: Zekrom|Zekrom, L69|252/252\n|-ability|p1a: Zekrom|Teravolt\n|move|p2a: Wailord|Hydro Pump|p1a: Zekrom|[miss]\n|-miss|p2a: Wailord|p1a: Zekrom\n|\n|-damage|p2a: Wailord|368/452 tox|[from] psn\n|upkeep\n|turn|4\n|j| Lrogue \u2740\n|l| Xceloh\n|\n|t:|1659643960\n|switch|p1a: Tornadus|Tornadus, L80, M|258/258\n|switch|p2a: Gourgeist|Gourgeist-Large, L84, F|263/263\n|-item|p1a: Tornadus|Heavy-Duty Boots|[from] ability: Frisk|[of] p2a: Gourgeist|[identify]\n|\n|upkeep\n|turn|5\n|j| CutePokesOnly\n|j| extrarecord\n|\n|t:|1659643986\n|switch|p2a: Jirachi|Jirachi, L79|288/288\n|move|p1a: Tornadus|Hurricane|p2a: Jirachi\n|-resisted|p2a: Jirachi\n|-damage|p2a: Jirachi|228/288\n|-start|p2a: Jirachi|confusion\n|\n|-heal|p2a: Jirachi|246/288|[from] item: Leftovers\n|upkeep\n|turn|6\n|\n|t:|1659644004\n|switch|p1a: Zekrom|Zekrom, L69|252/252\n|-ability|p1a: Zekrom|Teravolt\n|switch|p2a: Tornadus|Tornadus-Therian, L78, M|251/251\n|\n|upkeep\n|turn|7\n|\n|t:|1659644013\n|move|p2a: Tornadus|U-turn|p1a: Zekrom\n|-damage|p1a: Zekrom|208/252\n|c| Tenebrae Operiere|who gave u guys the copypasta\n|c|\u2606fatfighter2|ask crunch\n|c|\u2606Crunchman|i wrote it in like 20 seconds\n|c| Tenebrae Operiere|o\n|\n|t:|1659644037\n|switch|p2a: Gourgeist|Gourgeist-Large, L84, F|263/263\n|-item|p1a: Zekrom|Lum Berry|[from] ability: Frisk|[of] p2a: Gourgeist|[identify]\n|move|p1a: Zekrom|Bolt Strike|p2a: Gourgeist\n|-resisted|p2a: Gourgeist\n|-damage|p2a: Gourgeist|215/263\n|-status|p2a: Gourgeist|par\n|\n|upkeep\n|turn|8\n|\n|t:|1659644047\n|switch|p1a: Arcanine|Arcanine, L82, M|282/282\n|-ability|p1a: Arcanine|Intimidate|boost\n|-unboost|p2a: Gourgeist|atk|1\n|move|p2a: Gourgeist|Poltergeist|p1a: Arcanine\n|-activate|p1a: Arcanine|move: Poltergeist|Heavy-Duty Boots\n|-damage|p1a: Arcanine|177/282\n|-damage|p2a: Gourgeist|189/263 par|[from] item: Life Orb\n|\n|upkeep\n|turn|9\n|j| Fjccn m\n|l| Fjccn m\n|\n|t:|1659644063\n|switch|p1a: Zekrom|Zekrom, L69|208/252\n|-ability|p1a: Zekrom|Teravolt\n|switch|p2a: Tornadus|Tornadus-Therian, L78, M|251/251\n|\n|upkeep\n|turn|10\n|j| TheRealBNW\n|\n|t:|1659644080\n|move|p2a: Tornadus|U-turn|p1a: Zekrom\n|-damage|p1a: Zekrom|167/252\n|\n|t:|1659644084\n|switch|p2a: Gourgeist|Gourgeist-Large, L84, F|189/263 par\n|-item|p1a: Zekrom|Lum Berry|[from] ability: Frisk|[of] p2a: Gourgeist|[identify]\n|move|p1a: Zekrom|Dragon Dance|p1a: Zekrom\n|-boost|p1a: Zekrom|atk|1\n|-boost|p1a: Zekrom|spe|1\n|\n|upkeep\n|turn|11\n|j| Kaneki-Random\n|j| EpiclyEpicGamerE\n|j| outz u\n|j|+dnagerbdager\n|\n|t:|1659644123\n|move|p1a: Zekrom|Roost|p1a: Zekrom\n|-heal|p1a: Zekrom|252/252\n|-singleturn|p1a: Zekrom|move: Roost\n|move|p2a: Gourgeist|Poltergeist|p1a: Zekrom\n|-activate|p1a: Zekrom|move: Poltergeist|Lum Berry\n|-damage|p1a: Zekrom|99/252\n|-damage|p2a: Gourgeist|163/263 par|[from] item: Life Orb\n|\n|upkeep\n|turn|12\n|l| grass is beauty\n|l| EpiclyEpicGamerE\n|\n|t:|1659644144\n|move|p1a: Zekrom|Roost|p1a: Zekrom\n|-heal|p1a: Zekrom|225/252\n|-singleturn|p1a: Zekrom|move: Roost\n|move|p2a: Gourgeist|Poltergeist|p1a: Zekrom\n|-activate|p1a: Zekrom|move: Poltergeist|Lum Berry\n|-damage|p1a: Zekrom|91/252\n|-damage|p2a: Gourgeist|137/263 par|[from] item: Life Orb\n|\n|upkeep\n|turn|13\n|c| Tenebrae Operiere|69\n|l|\u2606fatfighter2\n|player|p1|\n|c| luchick|wincon?\n|j|\u2606fatfighter2\n|player|p1|fatfighter2|misty\n|j| Teres bahji\n|c| Teres bahji|LETS GO FATFIGHTER\n|\n|t:|1659644211\n|move|p1a: Zekrom|Roost|p1a: Zekrom\n|-heal|p1a: Zekrom|217/252\n|-singleturn|p1a: Zekrom|move: Roost\n|move|p2a: Gourgeist|Poltergeist|p1a: Zekrom\n|-activate|p1a: Zekrom|move: Poltergeist|Lum Berry\n|-damage|p1a: Zekrom|68/252\n|-damage|p2a: Gourgeist|111/263 par|[from] item: Life Orb\n|\n|upkeep\n|turn|14\n|c|\u2606Crunchman|the goat gourgeist of all time\n|c| CutePokesOnly|gourgeist is cuter\n|c| CutePokesOnly|ergo\n|c|+articoo \u263e|wish gourgeist's stalk thing wouldn't look like a neck\n|\n|t:|1659644255\n|move|p1a: Zekrom|Roost|p1a: Zekrom\n|-heal|p1a: Zekrom|194/252\n|-singleturn|p1a: Zekrom|move: Roost\n|cant|p2a: Gourgeist|par\n|\n|upkeep\n|turn|15\n|c|+articoo \u263e|always throws me off\n|c| Lrogue \u2740|Go crunch\n|c| Lrogue \u2740|solely bcuz I have a vendetta against any and all gothitelle\n|j| Sigggggggg\n|l| TheRealBNW\n|\n|t:|1659644300\n|-start|p1a: Zekrom|Dynamax|\n|-heal|p1a: Zekrom|388/504|[silent]\n|move|p1a: Zekrom|Max Wyrmwind|p2a: Gourgeist\n|-damage|p2a: Gourgeist|0 fnt\n|faint|p2a: Gourgeist\n|\n|upkeep\n|l|+articoo \u263e\n|\n|t:|1659644331\n|switch|p2a: Kyurem|Kyurem-White, L74|307/307\n|-ability|p2a: Kyurem|Turboblaze\n|turn|16\n|j|+articoo \u263e\n|\n|t:|1659644342\n|-start|p2a: Kyurem|Dynamax|\n|-heal|p2a: Kyurem|614/614|[silent]\n|move|p1a: Zekrom|Max Wyrmwind|p2a: Kyurem\n|-supereffective|p2a: Kyurem\n|-damage|p2a: Kyurem|146/614\n|-unboost|p2a: Kyurem|atk|1\n|move|p2a: Kyurem|Max Wyrmwind|p1a: Zekrom\n|-supereffective|p1a: Zekrom\n|-damage|p1a: Zekrom|0 fnt\n|faint|p1a: Zekrom\n|\n|-heal|p2a: Kyurem|165/614|[from] item: Leftovers\n|upkeep\n|c| CutePokesOnly|sibling rivalry\n|j| pokeslice\n|\n|t:|1659644387\n|switch|p1a: Sharpedo|Sharpedo, L82, F|249/249\n|turn|17\n|j| uhnwi\n|l| uhnwi\n|c| Teres bahji|ah\n|\n|t:|1659644462\n|move|p2a: Kyurem|Max Guard|p2a: Kyurem\n|-singleturn|p2a: Kyurem|Max Guard\n|move|p1a: Sharpedo|Close Combat|p2a: Kyurem\n|-activate|p2a: Kyurem|move: Max Guard\n|\n|-heal|p2a: Kyurem|184/614|[from] item: Leftovers\n|-ability|p1a: Sharpedo|Speed Boost|boost\n|-boost|p1a: Sharpedo|spe|1\n|upkeep\n|turn|18\n|j|+heroictobias\n|\n|t:|1659644494\n|-end|p2a: Kyurem|Dynamax\n|-heal|p2a: Kyurem|92/307|[silent]\n|switch|p2a: Wailord|Wailord, L90, F|368/452 tox\n|move|p1a: Sharpedo|Close Combat|p2a: Wailord\n|-damage|p2a: Wailord|185/452 tox\n|-unboost|p1a: Sharpedo|def|1\n|-unboost|p1a: Sharpedo|spd|1\n|-damage|p1a: Sharpedo|225/249|[from] item: Life Orb\n|\n|-damage|p2a: Wailord|157/452 tox|[from] psn\n|-ability|p1a: Sharpedo|Speed Boost|boost\n|-boost|p1a: Sharpedo|spe|1\n|upkeep\n|turn|19\n|\n|t:|1659644503\n|move|p1a: Sharpedo|Crunch|p2a: Wailord\n|-damage|p2a: Wailord|0 fnt\n|faint|p2a: Wailord\n|-damage|p1a: Sharpedo|201/249|[from] item: Life Orb\n|\n|-ability|p1a: Sharpedo|Speed Boost|boost\n|-boost|p1a: Sharpedo|spe|1\n|upkeep\n|\n|t:|1659644513\n|switch|p2a: Tornadus|Tornadus-Therian, L78, M|251/251\n|turn|20\n|\n|t:|1659644544\n|switch|p1a: Arcanine|Arcanine, L82, M|177/282\n|-ability|p1a: Arcanine|Intimidate|boost\n|-unboost|p2a: Tornadus|atk|1\n|move|p2a: Tornadus|U-turn|p1a: Arcanine\n|-resisted|p1a: Arcanine\n|-damage|p1a: Arcanine|159/282\n|\n|t:|1659644549\n|switch|p2a: Aerodactyl|Aerodactyl, L82, M|265/265\n|-ability|p2a: Aerodactyl|Unnerve\n|\n|upkeep\n|turn|21\n|\n|t:|1659644565\n|switch|p1a: Hitmonlee|Hitmonlee, L84, M|221/221\n|move|p2a: Aerodactyl|Stone Edge|p1a: Hitmonlee|[miss]\n|-miss|p2a: Aerodactyl|p1a: Hitmonlee\n|\n|upkeep\n|turn|22\n|\n|t:|1659644641\n|move|p1a: Hitmonlee|High Jump Kick|p2a: Aerodactyl\n|-damage|p2a: Aerodactyl|6/265\n|move|p2a: Aerodactyl|Dual Wingbeat|p1a: Hitmonlee\n|-supereffective|p1a: Hitmonlee\n|-damage|p1a: Hitmonlee|93/221\n|-supereffective|p1a: Hitmonlee\n|-damage|p1a: Hitmonlee|0 fnt\n|faint|p1a: Hitmonlee\n|-hitcount|p1: Hitmonlee|2\n|\n|upkeep\n|j| papiloco\n|c| pokeslice|ate\n|c| Teres bahji|lol\n|\n|t:|1659644656\n|switch|p1a: Gothitelle|Gothitelle, L86, M|261/261\n|turn|23\n|\n|t:|1659644661\n|move|p2a: Aerodactyl|Stone Edge|p1a: Gothitelle\n|-damage|p1a: Gothitelle|167/261\n|move|p1a: Gothitelle|Psychic|p2a: Aerodactyl\n|-damage|p2a: Aerodactyl|0 fnt\n|faint|p2a: Aerodactyl\n|\n|-heal|p1a: Gothitelle|183/261|[from] item: Leftovers\n|upkeep\n|\n|t:|1659644682\n|switch|p2a: Jirachi|Jirachi, L79|246/288\n|turn|24\n|\n|t:|1659644705\n|move|p2a: Jirachi|Toxic|p1a: Gothitelle\n|-status|p1a: Gothitelle|tox\n|move|p1a: Gothitelle|Shadow Ball|p2a: Jirachi\n|-supereffective|p2a: Jirachi\n|-damage|p2a: Jirachi|132/288\n|\n|-heal|p2a: Jirachi|150/288|[from] item: Leftovers\n|-heal|p1a: Gothitelle|199/261 tox|[from] item: Leftovers\n|-damage|p1a: Gothitelle|183/261 tox|[from] psn\n|upkeep\n|turn|25\n|c| papiloco|Crunchman sucks\n|\n|t:|1659644711\n|switch|p1a: Sharpedo|Sharpedo, L82, F|201/249\n|move|p2a: Jirachi|U-turn|p1a: Sharpedo\n|-supereffective|p1a: Sharpedo\n|-damage|p1a: Sharpedo|45/249\n|\n|t:|1659644718\n|switch|p2a: Tornadus|Tornadus-Therian, L78, M|251/251\n|\n|upkeep\n|turn|26\n|c| CutePokesOnly|is that any way to speak to your mother\n|\n|t:|1659644726\n|move|p1a: Sharpedo|Protect|p1a: Sharpedo\n|-singleturn|p1a: Sharpedo|Protect\n|move|p2a: Tornadus|U-turn|p1a: Sharpedo\n|-activate|p1a: Sharpedo|move: Protect\n|\n|-ability|p1a: Sharpedo|Speed Boost|boost\n|-boost|p1a: Sharpedo|spe|1\n|upkeep\n|turn|27\n|c|\u2606Crunchman|i-\n|\n|t:|1659644731\n|switch|p1a: Gothitelle|Gothitelle, L86, M|183/261 tox\n|move|p2a: Tornadus|U-turn|p1a: Gothitelle\n|-supereffective|p1a: Gothitelle\n|-damage|p1a: Gothitelle|93/261 tox\n|\n|t:|1659644734\n|switch|p2a: Kyurem|Kyurem-White, L74|92/307\n|-ability|p2a: Kyurem|Turboblaze\n|\n|-heal|p2a: Kyurem|111/307|[from] item: Leftovers\n|-heal|p1a: Gothitelle|109/261 tox|[from] item: Leftovers\n|-damage|p1a: Gothitelle|93/261 tox|[from] psn\n|upkeep\n|turn|28\n|\n|t:|1659644738\n|move|p2a: Kyurem|Roost|p2a: Kyurem\n|-heal|p2a: Kyurem|265/307\n|-singleturn|p2a: Kyurem|move: Roost\n|move|p1a: Gothitelle|Psychic|p2a: Kyurem\n|-damage|p2a: Kyurem|165/307\n|\n|-heal|p2a: Kyurem|184/307|[from] item: Leftovers\n|-heal|p1a: Gothitelle|109/261 tox|[from] item: Leftovers\n|-damage|p1a: Gothitelle|77/261 tox|[from] psn\n|upkeep\n|turn|29\n|c|+articoo \u263e|holy fuck thats a hella cool ca\n|c|+articoo \u263e|~~silksongwher~~\n|\n|t:|1659644761\n|move|p2a: Kyurem|Roost|p2a: Kyurem\n|-heal|p2a: Kyurem|307/307\n|-singleturn|p2a: Kyurem|move: Roost\n|move|p1a: Gothitelle|Psychic|p2a: Kyurem\n|-damage|p2a: Kyurem|210/307\n|\n|-heal|p2a: Kyurem|229/307|[from] item: Leftovers\n|-heal|p1a: Gothitelle|93/261 tox|[from] item: Leftovers\n|-damage|p1a: Gothitelle|45/261 tox|[from] psn\n|upkeep\n|turn|30\n|\n|t:|1659644765\n|move|p2a: Kyurem|Ice Beam|p1a: Gothitelle\n|-damage|p1a: Gothitelle|0 fnt\n|faint|p1a: Gothitelle\n|\n|-heal|p2a: Kyurem|248/307|[from] item: Leftovers\n|upkeep\n|\n|t:|1659644787\n|switch|p1a: Sharpedo|Sharpedo, L82, F|45/249\n|turn|31\n|l| pokeslice\n|j| demi6ual-wailord\n|\n|t:|1659644807\n|switch|p2a: Tornadus|Tornadus-Therian, L78, M|251/251\n|move|p1a: Sharpedo|Close Combat|p2a: Tornadus\n|-resisted|p2a: Tornadus\n|-damage|p2a: Tornadus|180/251\n|-unboost|p1a: Sharpedo|def|1\n|-unboost|p1a: Sharpedo|spd|1\n|-damage|p1a: Sharpedo|21/249|[from] item: Life Orb\n|\n|-ability|p1a: Sharpedo|Speed Boost|boost\n|-boost|p1a: Sharpedo|spe|1\n|upkeep\n|turn|32\n|j| pokeslice\n|\n|t:|1659644860\n|move|p1a: Sharpedo|Crunch|p2a: Tornadus\n|-damage|p2a: Tornadus|24/251\n|-damage|p1a: Sharpedo|0 fnt|[from] item: Life Orb\n|faint|p1a: Sharpedo\n|move|p2a: Tornadus|U-turn|p1: Sharpedo|[notarget]\n|-fail|p2a: Tornadus\n|\n|upkeep\n|j| Artistsrendition\n|j| rdieu\n|j| fespy\n|l| fespy\n|j| uhnwi\n|\n|t:|1659644920\n|switch|p1a: Tornadus|Tornadus, L80, M|258/258\n|turn|33\n|j| Separation\n|\n|t:|1659644935\n|move|p1a: Tornadus|Nasty Plot|p1a: Tornadus\n|-boost|p1a: Tornadus|spa|2\n|move|p2a: Tornadus|U-turn|p1a: Tornadus\n|-resisted|p1a: Tornadus\n|-damage|p1a: Tornadus|228/258\n|j| fespy\n|\n|t:|1659644952\n|switch|p2a: Kyurem|Kyurem-White, L74|248/307\n|-ability|p2a: Kyurem|Turboblaze\n|\n|-heal|p2a: Kyurem|267/307|[from] item: Leftovers\n|upkeep\n|turn|34\n|c| Tenebrae Operiere|dmax rn\n|l| fespy\n|c| CutePokesOnly|when does gourgeist come back\n|\n|t:|1659644985\n|move|p1a: Tornadus|Hurricane|p2a: Kyurem|[miss]\n|-miss|p1a: Tornadus|p2a: Kyurem\n|move|p2a: Kyurem|Ice Beam|p1a: Tornadus\n|-supereffective|p1a: Tornadus\n|-damage|p1a: Tornadus|0 fnt\n|faint|p1a: Tornadus\n|\n|-heal|p2a: Kyurem|286/307|[from] item: Leftovers\n|upkeep\n|\n|t:|1659644988\n|switch|p1a: Arcanine|Arcanine, L82, M|159/282\n|-ability|p1a: Arcanine|Intimidate|boost\n|-unboost|p2a: Kyurem|atk|1\n|turn|35\n|\n|t:|1659644997\n|move|p1a: Arcanine|Morning Sun|p1a: Arcanine\n|-heal|p1a: Arcanine|282/282\n|move|p2a: Kyurem|Draco Meteor|p1a: Arcanine\n|-damage|p1a: Arcanine|84/282\n|-unboost|p2a: Kyurem|spa|2\n|\n|-heal|p2a: Kyurem|305/307|[from] item: Leftovers\n|upkeep\n|turn|36\n|\n|t:|1659645003\n|switch|p2a: Jirachi|Jirachi, L79|150/288\n|move|p1a: Arcanine|Morning Sun|p1a: Arcanine\n|-heal|p1a: Arcanine|225/282\n|\n|-heal|p2a: Jirachi|168/288|[from] item: Leftovers\n|upkeep\n|turn|37\n|\n|t:|1659645007\n|move|p2a: Jirachi|Toxic|p1a: Arcanine|[miss]\n|-miss|p2a: Jirachi|p1a: Arcanine\n|move|p1a: Arcanine|Flare Blitz|p2a: Jirachi\n|-supereffective|p2a: Jirachi\n|-damage|p2a: Jirachi|0 fnt\n|faint|p2a: Jirachi\n|-damage|p1a: Arcanine|170/282|[from] Recoil\n|\n|upkeep\n|c|\u2606fatfighter2|damn\n|c| Teres bahji|huh\n|\n|t:|1659645030\n|switch|p2a: Tornadus|Tornadus-Therian, L78, M|107/251\n|turn|38\n|c| CutePokesOnly|dw, this tornadus only knows uturn\n|c|\u2606fatfighter2|whys it clicked u turn 7 times already\n|c|\u2606Crunchman|all 3 of the other moves are\n|c|\u2606Crunchman|unappealing\n|c|\u2606fatfighter2|gotta be cb\n|c|+not haruno|hurricane confusion\n|c|+not haruno|lgi\n|c|\u2606Crunchman|for various reasons\n|c|\u2606fatfighter2|bro with how this game is going\n|c| Kaneki-Random|are you guys really playing for wcop?\n|c|\u2606fatfighter2|its gonna miss\n|\n|t:|1659645107\n|move|p2a: Tornadus|U-turn|p1a: Arcanine\n|-resisted|p1a: Arcanine\n|-damage|p1a: Arcanine|147/282\n|c|+not haruno|yes kaneki-random\n|c| CutePokesOnly|tailwind, thundershock, ice shard, uturn\n|\n|t:|1659645110\n|switch|p2a: Kyurem|Kyurem-White, L74|305/307\n|-ability|p2a: Kyurem|Turboblaze\n|move|p1a: Arcanine|Morning Sun|p1a: Arcanine\n|-heal|p1a: Arcanine|282/282\n|\n|-heal|p2a: Kyurem|307/307|[from] item: Leftovers\n|upkeep\n|turn|39\n|c|+not haruno|it's actually more prestigious than wcop\n|c| Kaneki-Random|damn this is a first\n|c|+not haruno|it's world cup of randbats\n|\n|t:|1659645119\n|move|p1a: Arcanine|Toxic|p2a: Kyurem\n|-status|p2a: Kyurem|tox\n|move|p2a: Kyurem|Draco Meteor|p1a: Arcanine\n|-damage|p1a: Arcanine|102/282\n|-unboost|p2a: Kyurem|spa|2\n|\n|-damage|p2a: Kyurem|288/307 tox|[from] psn\n|upkeep\n|turn|40\n|c| Kaneki-Random|ladder game that becomes wcop game\n|\n|t:|1659645125\n|switch|p2a: Tornadus|Tornadus-Therian, L78, M|190/251\n|move|p1a: Arcanine|Morning Sun|p1a: Arcanine\n|-heal|p1a: Arcanine|243/282\n|\n|upkeep\n|turn|41\n|\n|t:|1659645130\n|move|p2a: Tornadus|Hurricane|p1a: Arcanine|[miss]\n|-miss|p2a: Tornadus|p1a: Arcanine\n|move|p1a: Arcanine|Flare Blitz|p2a: Tornadus\n|-damage|p2a: Tornadus|46/251\n|-damage|p1a: Arcanine|195/282|[from] Recoil\n|\n|upkeep\n|turn|42\n|c|+articoo \u263e|wait mfw-\n|\n|t:|1659645134\n|move|p1a: Arcanine|Extreme Speed|p2a: Tornadus\n|-damage|p2a: Tornadus|0 fnt\n|faint|p2a: Tornadus\n|\n|upkeep\n|\n|t:|1659645139\n|switch|p2a: Kyurem|Kyurem-White, L74|288/307 tox\n|-ability|p2a: Kyurem|Turboblaze\n|turn|43\n|c|+articoo \u263e|didn't even realize this was ladder lmao\n|\n|t:|1659645146\n|move|p1a: Arcanine|Morning Sun|p1a: Arcanine\n|-heal|p1a: Arcanine|282/282\n|move|p2a: Kyurem|Ice Beam|p1a: Arcanine\n|-resisted|p1a: Arcanine\n|-damage|p1a: Arcanine|215/282\n|-status|p1a: Arcanine|frz\n|\n|-heal|p2a: Kyurem|307/307 tox|[from] item: Leftovers\n|-damage|p2a: Kyurem|288/307 tox|[from] psn\n|upkeep\n|turn|44\n|c| Kaneki-Random|lmaoo arti\n|c| CutePokesOnly|loool\n|c|\u2606fatfighter2|,\n|c|+not haruno|LMAO\n|l| rdieu\n|c| pokeslice|someone hit a move i swear\n|c| pokeslice|what is this LOLL\n|c| CutePokesOnly|the freeeeeeze\n|c|\u2606Crunchman|i saw the wincon\n|\n|t:|1659645173\n|-curestatus|p1a: Arcanine|frz|[msg]\n|move|p1a: Arcanine|Morning Sun|p1a: Arcanine\n|-heal|p1a: Arcanine|282/282\n|move|p2a: Kyurem|Draco Meteor|p1a: Arcanine\n|-damage|p1a: Arcanine|96/282\n|-unboost|p2a: Kyurem|spa|2\n|\n|-heal|p2a: Kyurem|307/307 tox|[from] item: Leftovers\n|-damage|p2a: Kyurem|269/307 tox|[from] psn\n|upkeep\n|turn|45\n|c|+not haruno|why is ice beam allowed\n|c|\u2606fatfighter2|LMAOO\n|c|\u2606Crunchman|nvm\n|c|+articoo \u263e|mood\n|\n|t:|1659645183\n|move|p1a: Arcanine|Morning Sun|p1a: Arcanine\n|-heal|p1a: Arcanine|237/282\n|move|p2a: Kyurem|Ice Beam|p1a: Arcanine\n|-resisted|p1a: Arcanine\n|-damage|p1a: Arcanine|206/282\n|\n|-heal|p2a: Kyurem|288/307 tox|[from] item: Leftovers\n|-damage|p2a: Kyurem|231/307 tox|[from] psn\n|upkeep\n|turn|46\n|c|\u2606fatfighter2|bro u better not crit\n|c|+articoo \u263e|saw the copypasta and thought \"yeah thats just what smogon ppl do\"\n|c|+not haruno|draco crit\n|l| Artistsrendition\n|c|+not haruno|lgi\n|\n|t:|1659645191\n|move|p1a: Arcanine|Morning Sun|p1a: Arcanine\n|-heal|p1a: Arcanine|282/282\n|move|p2a: Kyurem|Draco Meteor|p1a: Arcanine\n|-damage|p1a: Arcanine|192/282\n|-unboost|p2a: Kyurem|spa|2\n|\n|-heal|p2a: Kyurem|250/307 tox|[from] item: Leftovers\n|-damage|p2a: Kyurem|174/307 tox|[from] psn\n|upkeep\n|turn|47\n|\n|t:|1659645195\n|move|p1a: Arcanine|Flare Blitz|p2a: Kyurem\n|-damage|p2a: Kyurem|36/307 tox\n|-damage|p1a: Arcanine|146/282|[from] Recoil\n|move|p2a: Kyurem|Draco Meteor|p1a: Arcanine\n|-damage|p1a: Arcanine|82/282\n|-unboost|p2a: Kyurem|spa|2\n|\n|-heal|p2a: Kyurem|55/307 tox|[from] item: Leftovers\n|-damage|p2a: Kyurem|0 fnt|[from] psn\n|faint|p2a: Kyurem\n|\n|win|fatfighter2\n|upkeep\n|raw|fatfighter2's rating: 2454 &rarr; <strong>2473</strong><br />(+19 for winning)\n|raw|Crunchman's rating: 2430 &rarr; <strong>2411</strong><br />(-19 for losing)\n|l| extrarecord\n|c|\u2606Crunchman|gg1\n|c| Lrogue \u2740|think we need to get arti glasses\n|c| CutePokesOnly|jirachi and its bum ass glasses\n|c|\u2606fatfighter2|gg\n|c|\u2606Crunchman|okay are we calling fatfighter\n|c|\u2606fatfighter2|let me do ladder\n|c|\u2606fatfighter2|I'll probaby lose\n|c|\u2606Crunchman|hm\n|l| papiloco\n|l| uhnwi\n|l| pokeslice\n|c|\u2606fatfighter2|lets get on call\n|l| CutePokesOnly\n|c| Tenebrae Operiere|lgi midwest\n|l| outz u\n||Ladder isn't responding, score probably updated but might not have (Request timeout).\n|l| Kaneki-Random\n|l|+dnagerbdager\n|l|\u2606fatfighter2\n|l| Separation\n|l|+articoo \u263e\n|l| Tenebrae Operiere\n|l|+avarice\n|l| luchick\n|l| Lrogue \u2740\n|l| demi6ual-wailord\n|j| Kaneki-Random\n|l| Kaneki-Random\n|j| sasha n_n\n|l| sasha n_n\n|j| Kate\n|l|+not haruno\n|j| 35Q71N\n|l| 35Q71N\n|l| Sigggggggg\n|j| Chris Numbers\n|j| gewwge\n|l| Chris Numbers\n|j| Lrogue \u2740\n|l| Lrogue \u2740\n|l|+heroictobias\n|l| gewwge\n|j| snorlax142857\n|j| 35Q71N\n|l| 35Q71N\n|l| snorlax142857\n|j| Meminger21\n|j|\u2606fatfighter2\n|player|p1|fatfighter2|misty\n", "inputlog": ">version 0d1bbd7a1d1392198beecd38968d4bbdb7a66532\n>start {\"formatid\":\"gen8randombattle\",\"seed\":[45075,31425,3928,30227],\"rated\":\"Rated battle\"}\n>player p1 {\"name\":\"fatfighter2\",\"avatar\":\"misty\",\"rating\":2454,\"seed\":[11633,41950,45246,34690]}\n>player p2 {\"name\":\"Crunchman\",\"avatar\":\"#crunchman\",\"rating\":2430,\"seed\":[21069,20466,27041,18316]}\n>chat \u2606fatfighter2|gaming\n>chat \u2606Crunchman|I hereby acknowledge and declare this game to be an official tournament game between Fatfighter2 and Crunchman playing for US Midwest and US West respectively for the Pools Stage of the 2022 World Cup of Random Battles\n>chat \u2606fatfighter2|I hereby acknowledge and declare this game to be an official tournament game between Fatfighter2 and Crunchman playing for US Midwest and US West respectively for the Pools Stage of the 2022 World Cup of Random Battles\n>p1 switch 6\n>p2 move willowisp\n>chat +not haruno|It's crunchtime\n>p1 move toxic\n>p2 switch 5\n>p1 switch 2\n>p2 move hydropump\n>p1 switch 4\n>p2 switch 5\n>p1 move hurricane\n>p2 switch 2\n>p1 switch 4\n>p2 switch 4\n>p1 move boltstrike\n>p2 move uturn\n>chat  Tenebrae Operiere|who gave u guys the copypasta\n>chat \u2606fatfighter2|ask crunch\n>chat \u2606Crunchman|i wrote it in like 20 seconds\n>chat  Tenebrae Operiere|o\n>p2 switch 2\n>p1 switch 2\n>p2 move poltergeist\n>p1 switch 2\n>p2 switch 2\n>p1 move dragondance\n>p2 move uturn\n>p2 switch 2\n>p1 move roost\n>p2 move poltergeist\n>p1 move roost\n>p2 move poltergeist\n>chat  Tenebrae Operiere|69\n>chat  luchick|wincon?\n>chat  Teres bahji|LETS GO FATFIGHTER\n>p1 move roost\n>p2 move poltergeist\n>chat \u2606Crunchman|the goat gourgeist of all time\n>chat  CutePokesOnly|gourgeist is cuter \n>chat  CutePokesOnly|ergo\n>chat +articoo \u263e|wish gourgeist's stalk thing wouldn't look like a neck\n>p1 move roost\n>p2 move poltergeist\n>chat +articoo \u263e|always throws me off\n>chat  Lrogue \u2740|Go crunch\n>chat  Lrogue \u2740|solely bcuz I have a vendetta against any and all gothitelle\n>p1 move outrage dynamax\n>p2 move willowisp\n>p2 switch 6\n>p1 move outrage dynamax\n>p2 move dracometeor dynamax\n>chat  CutePokesOnly|sibling rivalry\n>p1 switch 5\n>chat  Teres bahji|ah\n>p1 move closecombat\n>p2 move roost dynamax\n>p1 move closecombat\n>p2 switch 5\n>p1 move crunch\n>p2 move hypervoice\n>p2 switch 2\n>p1 switch 2\n>p2 move uturn\n>p2 switch 3\n>p1 switch 3\n>p2 move stoneedge\n>p1 move highjumpkick\n>p2 move dualwingbeat\n>chat  pokeslice|ate\n>chat  Teres bahji|lol\n>p1 switch 6\n>p1 move psychic\n>p2 move stoneedge\n>p2 switch 4\n>p1 move shadowball\n>p2 move toxic\n>chat  papiloco|Crunchman sucks\n>p1 switch 2\n>p2 move uturn\n>p2 switch 3\n>chat  CutePokesOnly|is that any way to speak to your mother \n>p1 move protect\n>p2 move uturn\n>chat \u2606Crunchman|i-\n>p1 switch 2\n>p2 move uturn\n>p2 switch 5\n>p1 move psychic\n>p2 move roost\n>chat +articoo \u263e|holy fuck thats a hella cool ca\n>chat +articoo \u263e|~~silksongwher~~\n>p1 move psychic\n>p2 move roost\n>p1 move psychic\n>p2 move icebeam\n>p1 switch 2\n>p1 move closecombat\n>p2 switch 5\n>p1 move crunch\n>p2 move uturn\n>p1 switch 4\n>p1 move nastyplot\n>p2 move uturn\n>p2 switch 5\n>chat  Tenebrae Operiere|dmax rn\n>chat  CutePokesOnly|when does gourgeist come back\n>p1 move hurricane\n>p2 move icebeam\n>p1 switch 3\n>p1 move morningsun\n>p2 move dracometeor\n>p1 move morningsun\n>p2 switch 3\n>p1 move flareblitz\n>p2 move toxic\n>chat \u2606fatfighter2|damn\n>chat  Teres bahji|huh\n>p2 switch 5\n>chat  CutePokesOnly|dw, this tornadus only knows uturn\n>chat \u2606fatfighter2|whys it clicked u turn 7 times already\n>chat \u2606Crunchman|all 3 of the other moves are\n>chat \u2606Crunchman|unappealing\n>chat \u2606fatfighter2|gotta be cb\n>chat +not haruno|hurricane confusion \n>chat +not haruno|lgi\n>chat \u2606Crunchman|for various reasons\n>chat \u2606fatfighter2|bro with how this game is going\n>chat  Kaneki-Random|are you guys really playing for wcop?\n>chat \u2606fatfighter2|its gonna miss\n>p1 move morningsun\n>p2 move uturn\n>chat +not haruno|yes kaneki-random\n>chat  CutePokesOnly|tailwind, thundershock, ice shard, uturn\n>p2 switch 3\n>chat +not haruno|it's actually more prestigious than wcop\n>chat  Kaneki-Random|damn this is a first\n>chat +not haruno|it's world cup of randbats\n>p1 move toxic\n>p2 move dracometeor\n>chat  Kaneki-Random|ladder game that becomes wcop game\n>p1 move morningsun\n>p2 switch 3\n>p1 move flareblitz\n>p2 move hurricane\n>chat +articoo \u263e|wait mfw-\n>p1 move extremespeed\n>p2 move uturn\n>p2 switch 3\n>chat +articoo \u263e|didn't even realize this was ladder lmao\n>p1 move morningsun\n>p2 move icebeam\n>chat  Kaneki-Random|lmaoo arti\n>chat  CutePokesOnly|loool\n>chat \u2606fatfighter2|,\n>chat +not haruno|LMAO\n>chat  pokeslice|someone hit a move i swear\n>chat  pokeslice|what is this LOLL\n>chat  CutePokesOnly|the freeeeeeze\n>chat \u2606Crunchman|i saw the wincon\n>p1 move morningsun\n>p2 move dracometeor\n>chat +not haruno|why is ice beam allowed\n>chat +not haruno|.\n>chat \u2606fatfighter2|LMAOO\n>chat \u2606Crunchman|nvm\n>chat +articoo \u263e|mood\n>p1 move morningsun\n>p2 move icebeam\n>chat \u2606fatfighter2|bro u better not crit\n>chat +articoo \u263e|saw the copypasta and thought \"yeah thats just what smogon ppl do\"\n>chat +not haruno|draco crit\n>chat +not haruno|lgi\n>p1 move morningsun\n>p2 move dracometeor\n>p1 move flareblitz\n>p2 move dracometeor", "uploadtime": 1659645265, "views": 115, "p1id": "fatfighter2", "p2id": "crunchman", "formatid": "gen8randombattle", "rating": 2411, "private": 0, "password": null}