|j|☆31rudy
|j|☆Memezboi69
|t:|1667362376
|gametype|singles
|player|p1|31rudy|266|2421
|player|p2|Memezboi69|thorton|2489
|teamsize|p1|6
|teamsize|p2|6
|gen|8
|tier|[Gen 8] Random Battle
|rated|
|rule|Species Clause: Limit one of each Pokémon
|rule|HP Percentage Mod: HP is shown in percentages
|rule|Sleep Clause Mod: Limit one foe put to sleep
|
|t:|1667362376
|start
|switch|p1a: Stunfisk|Stunfisk, L84, M|320/320
|switch|p2a: Hatterene|Hatterene, L86, F|238/238
|turn|1
|inactive|Battle timer is ON: inactive players will automatically lose when time's up. (requested by Memezboi69)
|
|t:|1667362383
|move|p1a: Stunfisk|Sludge Bomb|p2a: Hatterene
|-supereffective|p2a: Hatterene
|-damage|p2a: Hatterene|138/238
|-status|p2a: Hatterene|psn
|move|p2a: Hatterene|Psychic|p1a: Stunfisk
|-damage|p1a: Stunfisk|203/320
|
|-damage|p2a: Hatterene|109/238 psn|[from] psn
|upkeep
|turn|2
|
|t:|1667362394
|switch|p2a: Sandaconda|Sandaconda, L84, F|258/258
|move|p1a: Stunfisk|Discharge|p2a: Sandaconda
|-immune|p2a: Sandaconda
|
|upkeep
|turn|3
|
|t:|1667362403
|switch|p1a: Keldeo|Keldeo-Resolute, L79|273/273
|move|p2a: Sandaconda|Earthquake|p1a: Keldeo
|-damage|p1a: Keldeo|144/273
|
|-heal|p1a: Keldeo|161/273|[from] item: Leftovers
|upkeep
|turn|4
|
|t:|1667362410
|switch|p2a: Alakazam|Alakazam, L78, M|214/214
|move|p1a: Keldeo|Scald|p2a: Alakazam
|-damage|p2a: Alakazam|124/214
|
|-heal|p1a: Keldeo|178/273|[from] item: Leftovers
|upkeep
|turn|5
|
|t:|1667362419
|switch|p1a: Stunfisk|Stunfisk, L84, M|203/320
|move|p2a: Alakazam|Psychic|p1a: Stunfisk
|-damage|p1a: Stunfisk|109/320
|
|upkeep
|turn|6
|
|t:|1667362429
|switch|p1a: Keldeo|Keldeo-Resolute, L79|178/273
|move|p2a: Alakazam|Nasty Plot|p2a: Alakazam
|-boost|p2a: Alakazam|spa|2
|
|-heal|p1a: Keldeo|195/273|[from] item: Leftovers
|upkeep
|turn|7
|
|t:|1667362434
|switch|p1a: Stunfisk|Stunfisk, L84, M|109/320
|move|p2a: Alakazam|Psychic|p1a: Stunfisk
|-damage|p1a: Stunfisk|0 fnt
|faint|p1a: Stunfisk
|
|upkeep
|
|t:|1667362437
|switch|p1a: Metagross|Metagross, L79|256/256
|turn|8
|
|t:|1667362442
|-start|p1a: Metagross|Dynamax|
|-heal|p1a: Metagross|512/512|[silent]
|move|p2a: Alakazam|Shadow Ball|p1a: Metagross
|-supereffective|p1a: Metagross
|-damage|p1a: Metagross|151/512
|-enditem|p1a: Metagross|Weakness Policy
|-boost|p1a: Metagross|atk|2|[from] item: Weakness Policy
|-boost|p1a: Metagross|spa|2|[from] item: Weakness Policy
|move|p1a: Metagross|Max Quake|p2a: Alakazam
|-damage|p2a: Alakazam|0 fnt
|-boost|p1a: Metagross|spd|1
|faint|p2a: Alakazam
|
|upkeep
|inactive|Memezboi69 has 120 seconds left.
|
|t:|1667362500
|switch|p2a: Sandaconda|Sandaconda, L84, F|258/258
|turn|9
|
|t:|1667362517
|move|p2a: Sandaconda|Coil|p2a: Sandaconda
|-boost|p2a: Sandaconda|atk|1
|-boost|p2a: Sandaconda|def|1
|-boost|p2a: Sandaconda|accuracy|1
|move|p1a: Metagross|Max Steelspike|p2a: Sandaconda
|-damage|p2a: Sandaconda|111/258
|-boost|p1a: Metagross|def|1
|
|-heal|p2a: Sandaconda|127/258|[from] item: Leftovers
|upkeep
|turn|10
|
|t:|1667362523
|move|p2a: Sandaconda|Earthquake|p1a: Metagross
|-supereffective|p1a: Metagross
|-damage|p1a: Metagross|0 fnt
|faint|p1a: Metagross
|
|-heal|p2a: Sandaconda|143/258|[from] item: Leftovers
|upkeep
|
|t:|1667362526
|switch|p1a: Keldeo|Keldeo-Resolute, L79|195/273
|turn|11
|inactive|Memezboi69 has 120 seconds left.
|
|t:|1667362535
|switch|p2a: Hatterene|Hatterene, L86, F|109/238 psn
|move|p1a: Keldeo|Substitute|p1a: Keldeo
|-start|p1a: Keldeo|Substitute
|-damage|p1a: Keldeo|127/273
|
|-heal|p1a: Keldeo|144/273|[from] item: Leftovers
|-damage|p2a: Hatterene|80/238 psn|[from] psn
|upkeep
|turn|12
|
|t:|1667362539
|move|p1a: Keldeo|Scald|p2a: Hatterene
|-damage|p2a: Hatterene|0 fnt
|faint|p2a: Hatterene
|
|-heal|p1a: Keldeo|161/273|[from] item: Leftovers
|upkeep
|
|t:|1667362549
|switch|p2a: Stoutland|Stoutland, L86, F|286/286
|-ability|p2a: Stoutland|Intimidate|boost
|-immune|p1a: Keldeo
|turn|13
|
|t:|1667362553
|move|p1a: Keldeo|Secret Sword|p2a: Stoutland
|-supereffective|p2a: Stoutland
|-damage|p2a: Stoutland|92/286
|move|p2a: Stoutland|Facade|p1a: Keldeo
|-end|p1a: Keldeo|Substitute
|
|-heal|p1a: Keldeo|178/273|[from] item: Leftovers
|upkeep
|turn|14
|
|t:|1667362571
|move|p1a: Keldeo|Secret Sword|p2a: Stoutland
|-supereffective|p2a: Stoutland
|-damage|p2a: Stoutland|0 fnt
|faint|p2a: Stoutland
|
|-heal|p1a: Keldeo|195/273|[from] item: Leftovers
|upkeep
|
|t:|1667362574
|switch|p2a: Beartic|Beartic, L86, F|303/303
|turn|15
|
|t:|1667362583
|-start|p2a: Beartic|Dynamax|
|-heal|p2a: Beartic|606/606|[silent]
|move|p1a: Keldeo|Calm Mind|p1a: Keldeo
|-boost|p1a: Keldeo|spa|1
|-boost|p1a: Keldeo|spd|1
|move|p2a: Beartic|Max Hailstorm|p1a: Keldeo
|-resisted|p1a: Keldeo
|-damage|p1a: Keldeo|96/273
|-weather|Hail
|
|-weather|Hail|[upkeep]
|-damage|p1a: Keldeo|79/273|[from] Hail
|-heal|p1a: Keldeo|96/273|[from] item: Leftovers
|upkeep
|turn|16
|
|t:|1667362594
|switch|p1a: Sandslash|Sandslash, L86, F|269/269
|move|p2a: Beartic|Max Knuckle|p1a: Sandslash
|-damage|p1a: Sandslash|199/269
|-boost|p2a: Beartic|atk|1
|
|-weather|Hail|[upkeep]
|-damage|p1a: Sandslash|183/269|[from] Hail
|-heal|p1a: Sandslash|199/269|[from] item: Leftovers
|upkeep
|turn|17
|
|t:|1667362604
|move|p2a: Beartic|Max Hailstorm|p1a: Sandslash
|-supereffective|p1a: Sandslash
|-damage|p1a: Sandslash|0 fnt
|faint|p1a: Sandslash
|
|-weather|Hail|[upkeep]
|upkeep
|
|t:|1667362611
|switch|p1a: Keldeo|Keldeo-Resolute, L79|96/273
|-end|p2a: Beartic|Dynamax
|-heal|p2a: Beartic|303/303|[silent]
|turn|18
|
|t:|1667362618
|switch|p1a: Braviary|Braviary, L82, M|298/298
|move|p2a: Beartic|Icicle Crash|p1a: Braviary
|-supereffective|p1a: Braviary
|-damage|p1a: Braviary|0 fnt
|faint|p1a: Braviary
|
|-weather|Hail|[upkeep]
|upkeep
|
|t:|1667362623
|switch|p1a: Keldeo|Keldeo-Resolute, L79|96/273
|turn|19
|
|t:|1667362625
|move|p2a: Beartic|Icicle Crash|p1a: Keldeo
|-resisted|p1a: Keldeo
|-damage|p1a: Keldeo|0 fnt
|faint|p1a: Keldeo
|
|-weather|none
|upkeep
|
|t:|1667362628
|switch|p1a: Hawlucha|Hawlucha, L80, M|256/256
|turn|20
|
|t:|1667362633
|move|p1a: Hawlucha|Close Combat|p2a: Beartic
|-supereffective|p2a: Beartic
|-damage|p2a: Beartic|49/303
|-unboost|p1a: Hawlucha|def|1
|-unboost|p1a: Hawlucha|spd|1
|-enditem|p1a: Hawlucha|White Herb
|-clearnegativeboost|p1a: Hawlucha|[silent]
|move|p2a: Beartic|Icicle Crash|p1a: Hawlucha|[miss]
|-miss|p2a: Beartic|p1a: Hawlucha
|
|upkeep
|turn|21
|
|t:|1667362640
|switch|p2a: Sandaconda|Sandaconda, L84, F|143/258
|move|p1a: Hawlucha|Brave Bird|p2a: Sandaconda
|-damage|p2a: Sandaconda|52/258
|-damage|p1a: Hawlucha|226/256|[from] Recoil
|
|-heal|p2a: Sandaconda|68/258|[from] item: Leftovers
|upkeep
|turn|22
|
|t:|1667362644
|move|p1a: Hawlucha|Swords Dance|p1a: Hawlucha
|-boost|p1a: Hawlucha|atk|2
|move|p2a: Sandaconda|Stone Edge|p1a: Hawlucha
|-crit|p1a: Hawlucha
|-damage|p1a: Hawlucha|97/256
|
|-heal|p2a: Sandaconda|84/258|[from] item: Leftovers
|upkeep
|turn|23
|
|t:|1667362655
|move|p1a: Hawlucha|Roost|p1a: Hawlucha
|-heal|p1a: Hawlucha|225/256
|-singleturn|p1a: Hawlucha|move: Roost
|move|p2a: Sandaconda|Stone Edge|p1a: Hawlucha|[miss]
|-miss|p2a: Sandaconda|p1a: Hawlucha
|
|-heal|p2a: Sandaconda|100/258|[from] item: Leftovers
|upkeep
|turn|24
|
|t:|1667362659
|move|p1a: Hawlucha|Brave Bird|p2a: Sandaconda
|-crit|p2a: Sandaconda
|-damage|p2a: Sandaconda|0 fnt
|faint|p2a: Sandaconda
|-damage|p1a: Hawlucha|192/256|[from] Recoil
|
|upkeep
|
|t:|1667362661
|switch|p2a: Landorus|Landorus-Therian, L72, M|247/247
|-ability|p2a: Landorus|Intimidate|boost
|-unboost|p1a: Hawlucha|atk|1
|turn|25
|
|t:|1667362665
|move|p1a: Hawlucha|Brave Bird|p2a: Landorus
|-damage|p2a: Landorus|60/247
|-damage|p1a: Hawlucha|130/256|[from] Recoil
|move|p2a: Landorus|Fly||[still]
|-prepare|p2a: Landorus|Fly
|
|upkeep
|turn|26
|
|t:|1667362671
|move|p1a: Hawlucha|Roost|p1a: Hawlucha
|-heal|p1a: Hawlucha|256/256
|-singleturn|p1a: Hawlucha|move: Roost
|move|p2a: Landorus|Fly|p1a: Hawlucha|[from]lockedmove
|-supereffective|p1a: Hawlucha
|-damage|p1a: Hawlucha|16/256
|
|upkeep
|turn|27
|
|t:|1667362678
|move|p1a: Hawlucha|Close Combat|p2a: Landorus
|-resisted|p2a: Landorus
|-damage|p2a: Landorus|0 fnt
|-unboost|p1a: Hawlucha|def|1
|-unboost|p1a: Hawlucha|spd|1
|faint|p2a: Landorus
|
|upkeep
|
|t:|1667362680
|switch|p2a: Beartic|Beartic, L86, F|49/303
|turn|28
|
|t:|1667362682
|move|p2a: Beartic|Aqua Jet|p1a: Hawlucha
|-damage|p1a: Hawlucha|0 fnt
|faint|p1a: Hawlucha
|
|win|Memezboi69
|raw|31rudy's rating: 2421 &rarr; <strong>2405</strong><br />(-16 for losing)
|raw|Memezboi69's rating: 2489 &rarr; <strong>2505</strong><br />(+16 for winning)
