|j|☆yes or no my dude❀
|j|☆Bigwubben
|t:|1685171043
|gametype|singles
|player|p1|yes or no my dude❀|#rbtt6teamchienpaof|
|player|p2|Bigwubben|102|
|teamsize|p1|6
|teamsize|p2|6
|gen|8
|tier|[Gen 8] Random Battle
|rule|Species Clause: Limit one of each Pokémon
|rule|HP Percentage Mod: HP is shown in percentages
|rule|Sleep Clause Mod: Limit one foe put to sleep
|
|t:|1685171043
|start
|switch|p1a: Azumarill|Azumarill, L84, F|305/305
|switch|p2a: Kingdra|Kingdra, L82, M|257/257
|turn|1
|inactive|Battle timer is ON: inactive players will automatically lose when time's up. (requested by yes or no my dude❀)
|c|☆Bigwubben|good luck men
|c|☆yes or no my dude❀|u2
|inactive|Bigwubben has 270 seconds left.
|
|t:|1685171102
|move|p2a: Kingdra|Flip Turn|p1a: Azumarill
|-resisted|p1a: Azumarill
|-damage|p1a: Azumarill|270/305
|
|t:|1685171119
|switch|p2a: Electivire|Electivire, L82, M|257/257|[from] Flip Turn
|move|p1a: Azumarill|Play Rough|p2a: Electivire
|-damage|p2a: Electivire|25/257
|
|upkeep
|turn|2
|
|t:|1685171132
|switch|p1a: Tapu Koko|Tapu Koko, L78|237/237
|-fieldstart|move: Electric Terrain|[from] ability: Electric Surge|[of] p1a: Tapu Koko
|move|p2a: Electivire|Wild Charge|p1a: Tapu Koko
|-resisted|p1a: Tapu Koko
|-damage|p1a: Tapu Koko|132/237
|-damage|p2a: Electivire|0 fnt|[from] Recoil
|faint|p2a: Electivire
|
|-heal|p1a: Tapu Koko|146/237|[from] item: Leftovers
|upkeep
|
|t:|1685171149
|switch|p2a: Mudsdale|Mudsdale, L82, M|298/298
|turn|3
|
|t:|1685171164
|switch|p1a: Sigilyph|Sigilyph, L83, M|255/255
|move|p2a: Mudsdale|Stealth Rock|p1a: Sigilyph
|-sidestart|p1: yes or no my dude❀|move: Stealth Rock
|
|upkeep
|turn|4
|
|t:|1685171181
|switch|p2a: Cofagrigus|Cofagrigus, L86, F|240/240
|move|p1a: Sigilyph|Defog|p2a: Cofagrigus
|-unboost|p2a: Cofagrigus|evasion|1
|-sideend|p1: yes or no my dude❀|Stealth Rock|[from] move: Defog|[of] p1a: Sigilyph
|-fieldend|move: Electric Terrain
|
|upkeep
|turn|5
|
|t:|1685171192
|switch|p1a: Chansey|Chansey, L84, F|557/557
|move|p2a: Cofagrigus|Will-O-Wisp|p1a: Chansey
|-status|p1a: Chansey|brn
|
|-damage|p1a: Chansey|523/557 brn|[from] brn
|upkeep
|turn|6
|inactive|Bigwubben has 270 seconds left.
|
|t:|1685171219
|move|p1a: Chansey|Toxic|p2a: Cofagrigus
|-status|p2a: Cofagrigus|tox
|move|p2a: Cofagrigus|Body Press|p1a: Chansey
|-supereffective|p1a: Chansey
|-damage|p1a: Chansey|169/557 brn
|
|-damage|p2a: Cofagrigus|225/240 tox|[from] psn
|-damage|p1a: Chansey|135/557 brn|[from] brn
|upkeep
|turn|7
|inactive|Bigwubben has 270 seconds left.
|c|☆yes or no my dude❀|oop I forgot it got that
|
|t:|1685171243
|-curestatus|p1a: Chansey|brn|[from] ability: Natural Cure
|switch|p1a: Azumarill|Azumarill, L84, F|270/305
|move|p2a: Cofagrigus|Body Press|p1a: Azumarill
|-resisted|p1a: Azumarill
|-damage|p1a: Azumarill|222/305
|
|-heal|p2a: Cofagrigus|240/240 tox|[from] item: Leftovers
|-damage|p2a: Cofagrigus|210/240 tox|[from] psn
|upkeep
|turn|8
|inactive|yes or no my dude❀ has 270 seconds left.
|inactive|Bigwubben has 240 seconds left.
|
|t:|1685171282
|switch|p1a: Sigilyph|Sigilyph, L83, M|255/255
|move|p2a: Cofagrigus|Will-O-Wisp|p1a: Sigilyph|[miss]
|-miss|p2a: Cofagrigus|p1a: Sigilyph
|
|-heal|p2a: Cofagrigus|225/240 tox|[from] item: Leftovers
|-damage|p2a: Cofagrigus|180/240 tox|[from] psn
|upkeep
|turn|9
|inactive|Bigwubben has 240 seconds left.
|inactive|yes or no my dude❀ has 270 seconds left.
|
|t:|1685171302
|switch|p1a: Chansey|Chansey, L84, F|135/557
|switch|p2a: Coalossal|Coalossal, L87, F|333/333
|
|upkeep
|turn|10
|
|t:|1685171321
|switch|p2a: Hitmonchan|Hitmonchan, L86, M|226/226
|move|p1a: Chansey|Soft-Boiled|p1a: Chansey
|-heal|p1a: Chansey|414/557
|
|upkeep
|turn|11
|
|t:|1685171330
|switch|p1a: Sigilyph|Sigilyph, L83, M|255/255
|move|p2a: Hitmonchan|Bulk Up|p2a: Hitmonchan
|-boost|p2a: Hitmonchan|atk|1
|-boost|p2a: Hitmonchan|def|1
|
|upkeep
|turn|12
|inactive|Bigwubben has 210 seconds left.
|
|t:|1685171366
|switch|p2a: Cofagrigus|Cofagrigus, L86, F|180/240 tox
|move|p1a: Sigilyph|Air Slash|p2a: Cofagrigus
|-damage|p2a: Cofagrigus|93/240 tox
|
|-heal|p2a: Cofagrigus|108/240 tox|[from] item: Leftovers
|-damage|p2a: Cofagrigus|93/240 tox|[from] psn
|upkeep
|turn|13
|inactive|Bigwubben has 210 seconds left.
|
|t:|1685171384
|move|p1a: Sigilyph|Air Slash|p2a: Cofagrigus
|-damage|p2a: Cofagrigus|0 fnt
|faint|p2a: Cofagrigus
|
|upkeep
|
|t:|1685171404
|switch|p2a: Coalossal|Coalossal, L87, F|333/333
|turn|14
|
|t:|1685171411
|switch|p1a: Azumarill|Azumarill, L84, F|222/305
|move|p2a: Coalossal|Stone Edge|p1a: Azumarill
|-damage|p1a: Azumarill|113/305
|
|upkeep
|turn|15
|
|t:|1685171432
|switch|p2a: Kingdra|Kingdra, L82, M|257/257
|move|p1a: Azumarill|Superpower|p2a: Kingdra
|-damage|p2a: Kingdra|102/257
|-unboost|p1a: Azumarill|atk|1
|-unboost|p1a: Azumarill|def|1
|
|upkeep
|turn|16
|inactive|Bigwubben has 180 seconds left.
|
|t:|1685171452
|switch|p1a: Chansey|Chansey, L84, F|414/557
|move|p2a: Kingdra|Hurricane|p1a: Chansey
|-damage|p1a: Chansey|348/557
|
|upkeep
|turn|17
|inactive|Bigwubben has 180 seconds left.
|
|t:|1685171466
|switch|p2a: Mudsdale|Mudsdale, L82, M|298/298
|switch|p1a: Azumarill|Azumarill, L84, F|113/305
|
|upkeep
|turn|18
|inactive|Bigwubben has 180 seconds left.
|
|t:|1685171490
|switch|p2a: Kingdra|Kingdra, L82, M|102/257
|move|p1a: Azumarill|Liquidation|p2a: Kingdra
|-resisted|p2a: Kingdra
|-damage|p2a: Kingdra|60/257
|-unboost|p2a: Kingdra|def|1
|
|upkeep
|turn|19
|
|t:|1685171501
|switch|p1a: Chansey|Chansey, L84, F|348/557
|move|p2a: Kingdra|Flip Turn|p1a: Chansey
|-damage|p1a: Chansey|221/557
|
|t:|1685171508
|switch|p2a: Hitmonchan|Hitmonchan, L86, M|226/226|[from] Flip Turn
|
|upkeep
|turn|20
|
|t:|1685171513
|switch|p1a: Sigilyph|Sigilyph, L83, M|255/255
|move|p2a: Hitmonchan|Bulk Up|p2a: Hitmonchan
|-boost|p2a: Hitmonchan|atk|1
|-boost|p2a: Hitmonchan|def|1
|
|upkeep
|turn|21
|inactive|Bigwubben has 180 seconds left.
|
|t:|1685171535
|move|p1a: Sigilyph|Air Slash|p2a: Hitmonchan
|-supereffective|p2a: Hitmonchan
|-damage|p2a: Hitmonchan|44/226
|move|p2a: Hitmonchan|Throat Chop|p1a: Sigilyph
|-supereffective|p1a: Sigilyph
|-damage|p1a: Sigilyph|0 fnt
|faint|p1a: Sigilyph
|-damage|p2a: Hitmonchan|22/226|[from] item: Life Orb
|
|upkeep
|
|t:|1685171545
|switch|p1a: Tapu Koko|Tapu Koko, L78|146/237
|-fieldstart|move: Electric Terrain|[from] ability: Electric Surge|[of] p1a: Tapu Koko
|turn|22
|
|t:|1685171575
|switch|p2a: Coalossal|Coalossal, L87, F|333/333
|move|p1a: Tapu Koko|Dazzling Gleam|p2a: Coalossal
|-resisted|p2a: Coalossal
|-crit|p2a: Coalossal
|-damage|p2a: Coalossal|285/333
|
|-heal|p1a: Tapu Koko|160/237|[from] item: Leftovers
|upkeep
|turn|23
|
|t:|1685171585
|move|p1a: Tapu Koko|Calm Mind|p1a: Tapu Koko
|-boost|p1a: Tapu Koko|spa|1
|-boost|p1a: Tapu Koko|spd|1
|move|p2a: Coalossal|Spikes|p1a: Tapu Koko
|-sidestart|p1: yes or no my dude❀|Spikes
|
|-heal|p1a: Tapu Koko|174/237|[from] item: Leftovers
|upkeep
|turn|24
|
|t:|1685171598
|switch|p2a: Mudsdale|Mudsdale, L82, M|298/298
|move|p1a: Tapu Koko|Substitute|p1a: Tapu Koko
|-start|p1a: Tapu Koko|Substitute
|-damage|p1a: Tapu Koko|115/237
|
|-heal|p1a: Tapu Koko|129/237|[from] item: Leftovers
|upkeep
|turn|25
|inactive|Bigwubben has 150 seconds left.
|
|t:|1685171614
|move|p1a: Tapu Koko|Dazzling Gleam|p2a: Mudsdale
|-damage|p2a: Mudsdale|177/298
|-ability|p2a: Mudsdale|Stamina|boost
|-boost|p2a: Mudsdale|def|1
|move|p2a: Mudsdale|Earthquake|p1a: Tapu Koko
|-supereffective|p1a: Tapu Koko
|-end|p1a: Tapu Koko|Substitute
|
|-heal|p1a: Tapu Koko|143/237|[from] item: Leftovers
|-heal|p2a: Mudsdale|195/298|[from] item: Leftovers
|upkeep
|turn|26
|inactive|Bigwubben has 150 seconds left.
|
|t:|1685171633
|move|p1a: Tapu Koko|Dazzling Gleam|p2a: Mudsdale
|-damage|p2a: Mudsdale|90/298
|-ability|p2a: Mudsdale|Stamina|boost
|-boost|p2a: Mudsdale|def|1
|move|p2a: Mudsdale|Earthquake|p1a: Tapu Koko
|-supereffective|p1a: Tapu Koko
|-damage|p1a: Tapu Koko|0 fnt
|faint|p1a: Tapu Koko
|
|-heal|p2a: Mudsdale|108/298|[from] item: Leftovers
|-fieldend|move: Electric Terrain
|upkeep
|
|t:|1685171636
|switch|p1a: Azumarill|Azumarill, L84, F|113/305
|-damage|p1a: Azumarill|75/305|[from] Spikes
|turn|27
|inactive|Bigwubben has 150 seconds left.
|
|t:|1685171678
|switch|p2a: Kingdra|Kingdra, L82, M|60/257
|move|p1a: Azumarill|Liquidation|p2a: Kingdra
|-resisted|p2a: Kingdra
|-damage|p2a: Kingdra|18/257
|
|upkeep
|turn|28
|
|t:|1685171706
|-start|p1a: Azumarill|Dynamax|
|-heal|p1a: Azumarill|150/610|[silent]
|move|p2a: Kingdra|Flip Turn|p1a: Azumarill
|-resisted|p1a: Azumarill
|-damage|p1a: Azumarill|117/610
|inactive|Bigwubben has 120 seconds left.
|
|t:|1685171736
|switch|p2a: Mudsdale|Mudsdale, L82, M|108/298|[from] Flip Turn
|move|p1a: Azumarill|Max Geyser|p2a: Mudsdale
|-supereffective|p2a: Mudsdale
|-damage|p2a: Mudsdale|0 fnt
|-weather|RainDance
|faint|p2a: Mudsdale
|
|-weather|RainDance|[upkeep]
|upkeep
|
|t:|1685171746
|switch|p2a: Kingdra|Kingdra, L82, M|18/257
|turn|29
|
|t:|1685171754
|move|p2a: Kingdra|Hydro Pump|p1a: Azumarill
|-resisted|p1a: Azumarill
|-damage|p1a: Azumarill|0 fnt
|faint|p1a: Azumarill
|
|-weather|RainDance|[upkeep]
|upkeep
|
|t:|1685171775
|switch|p1a: Chansey|Chansey, L84, F|221/557
|-damage|p1a: Chansey|152/557|[from] Spikes
|turn|30
|inactive|Bigwubben has 120 seconds left.
|
|t:|1685171791
|-start|p2a: Kingdra|Dynamax|
|-heal|p2a: Kingdra|36/514|[silent]
|move|p2a: Kingdra|Max Geyser|p1a: Chansey
|-damage|p1a: Chansey|40/557
|move|p1a: Chansey|Seismic Toss|p2a: Kingdra
|-damage|p2a: Kingdra|0 fnt
|faint|p2a: Kingdra
|
|-weather|RainDance|[upkeep]
|upkeep
|
|t:|1685171805
|switch|p2a: Hitmonchan|Hitmonchan, L86, M|22/226
|turn|31
|
|t:|1685171815
|move|p2a: Hitmonchan|Drain Punch|p1a: Chansey
|-supereffective|p1a: Chansey
|-damage|p1a: Chansey|0 fnt
|-heal|p2a: Hitmonchan|42/226|[from] drain|[of] p1a: Chansey
|faint|p1a: Chansey
|-damage|p2a: Hitmonchan|20/226|[from] item: Life Orb
|
|-weather|RainDance|[upkeep]
|upkeep
|
|t:|1685171817
|switch|p1a: Crustle|Crustle, L82, F|249/249
|turn|32
|
|t:|1685171830
|move|p2a: Hitmonchan|Drain Punch|p1a: Crustle
|-damage|p1a: Crustle|140/249
|-heal|p2a: Hitmonchan|75/226|[from] drain|[of] p1a: Crustle
|-damage|p2a: Hitmonchan|53/226|[from] item: Life Orb
|move|p1a: Crustle|Shell Smash|p1a: Crustle
|-unboost|p1a: Crustle|def|1
|-unboost|p1a: Crustle|spd|1
|-boost|p1a: Crustle|atk|2
|-boost|p1a: Crustle|spa|2
|-boost|p1a: Crustle|spe|2
|
|-weather|none
|upkeep
|turn|33
|
|t:|1685171846
|move|p2a: Hitmonchan|Mach Punch|p1a: Crustle
|-damage|p1a: Crustle|58/249
|-damage|p2a: Hitmonchan|31/226|[from] item: Life Orb
|move|p1a: Crustle|Earthquake|p2a: Hitmonchan
|-damage|p2a: Hitmonchan|0 fnt
|faint|p2a: Hitmonchan
|
|upkeep
|
|t:|1685171854
|switch|p2a: Coalossal|Coalossal, L87, F|285/333
|turn|34
|c|☆yes or no my dude❀|gg
|
|t:|1685171863
|move|p1a: Crustle|Earthquake|p2a: Coalossal
|-supereffective|p2a: Coalossal
|-damage|p2a: Coalossal|0 fnt
|faint|p2a: Coalossal
|
|win|yes or no my dude❀
|c|☆Bigwubben|gg
|c|☆Bigwubben|why chansey dont die?
