|j|☆jpremy
|j|☆Tortue2006
|t:|1685120042
|gametype|singles
|player|p1|jpremy|rancher|
|player|p2|Tortue2006|byron|
|teamsize|p1|6
|teamsize|p2|6
|gen|8
|tier|[Gen 8] Random Battle
|rule|Species Clause: Limit one of each Pokémon
|rule|HP Percentage Mod: HP is shown in percentages
|rule|Sleep Clause Mod: Limit one foe put to sleep
|
|t:|1685120042
|start
|switch|p1a: Runerigus|Runerigus, L84, F|235/235
|switch|p2a: Zamazenta|Zamazenta, L73|255/255
|-ability|p2a: Zamazenta|Dauntless Shield|boost
|-boost|p2a: Zamazenta|def|1
|turn|1
|j| Iamsleep
|c| Iamsleep|Good luck
|c|☆jpremy|glhf
|
|t:|1685120086
|switch|p2a: Octillery|Octillery, L86, M|269/269
|move|p1a: Runerigus|Will-O-Wisp|p2a: Octillery
|-status|p2a: Octillery|brn
|
|-damage|p2a: Octillery|253/269 brn|[from] brn
|-ability|p2a: Octillery|Moody|boost
|-boost|p2a: Octillery|spa|2
|-unboost|p2a: Octillery|atk|1
|upkeep
|turn|2
|
|t:|1685120106
|switch|p1a: Cherrim|Cherrim, L93, M|281/281
|move|p2a: Octillery|Energy Ball|p1a: Cherrim
|-resisted|p1a: Cherrim
|-damage|p1a: Cherrim|205/281
|
|-heal|p2a: Octillery|269/269 brn|[from] item: Leftovers
|-damage|p2a: Octillery|253/269 brn|[from] brn
|-ability|p2a: Octillery|Moody|boost
|-boost|p2a: Octillery|spa|2
|-unboost|p2a: Octillery|spe|1
|upkeep
|turn|3
|
|t:|1685120121
|move|p1a: Cherrim|Energy Ball|p2a: Octillery
|-supereffective|p2a: Octillery
|-damage|p2a: Octillery|17/269 brn
|move|p2a: Octillery|Gunk Shot|p1a: Cherrim
|-supereffective|p1a: Cherrim
|-damage|p1a: Cherrim|133/281
|
|-heal|p2a: Octillery|33/269 brn|[from] item: Leftovers
|-damage|p2a: Octillery|17/269 brn|[from] brn
|-ability|p2a: Octillery|Moody|boost
|-boost|p2a: Octillery|spd|2
|-unboost|p2a: Octillery|spe|1
|upkeep
|turn|4
|
|t:|1685120145
|move|p2a: Octillery|Protect|p2a: Octillery
|-singleturn|p2a: Octillery|Protect
|move|p1a: Cherrim|Energy Ball|p2a: Octillery
|-activate|p2a: Octillery|move: Protect
|
|-heal|p2a: Octillery|33/269 brn|[from] item: Leftovers
|-damage|p2a: Octillery|17/269 brn|[from] brn
|-ability|p2a: Octillery|Moody|boost
|-boost|p2a: Octillery|def|2
|-unboost|p2a: Octillery|atk|1
|upkeep
|turn|5
|
|t:|1685120166
|move|p1a: Cherrim|Energy Ball|p2a: Octillery
|-supereffective|p2a: Octillery
|-damage|p2a: Octillery|0 fnt
|faint|p2a: Octillery
|
|upkeep
|
|t:|1685120210
|switch|p2a: Zamazenta|Zamazenta, L73|255/255
|-ability|p2a: Zamazenta|Dauntless Shield|boost
|-boost|p2a: Zamazenta|def|1
|turn|6
|
|t:|1685120221
|move|p1a: Cherrim|Energy Ball|p2a: Zamazenta
|-damage|p2a: Zamazenta|155/255
|move|p2a: Zamazenta|Close Combat|p1a: Cherrim
|-damage|p1a: Cherrim|0 fnt
|-unboost|p2a: Zamazenta|def|1
|-unboost|p2a: Zamazenta|spd|1
|faint|p1a: Cherrim
|
|upkeep
|
|t:|1685120241
|switch|p1a: Runerigus|Runerigus, L84, F|235/235
|turn|7
|
|t:|1685120252
|switch|p2a: Regice|Regice, L84|271/271
|move|p1a: Runerigus|Will-O-Wisp|p2a: Regice
|-status|p2a: Regice|brn
|
|-damage|p2a: Regice|255/271 brn|[from] brn
|upkeep
|turn|8
|
|t:|1685120267
|switch|p1a: Arcanine|Arcanine, L82, M|282/282
|move|p2a: Regice|Ice Beam|p1a: Arcanine
|-resisted|p1a: Arcanine
|-damage|p1a: Arcanine|230/282
|
|-heal|p2a: Regice|271/271 brn|[from] item: Leftovers
|-damage|p2a: Regice|255/271 brn|[from] brn
|upkeep
|turn|9
|
|t:|1685120286
|switch|p2a: Zamazenta|Zamazenta, L73|155/255
|-ability|p2a: Zamazenta|Dauntless Shield|boost
|-boost|p2a: Zamazenta|def|1
|move|p1a: Arcanine|Close Combat|p2a: Zamazenta
|-damage|p2a: Zamazenta|103/255
|-unboost|p1a: Arcanine|def|1
|-unboost|p1a: Arcanine|spd|1
|
|upkeep
|turn|10
|
|t:|1685120297
|switch|p1a: Runerigus|Runerigus, L84, F|235/235
|move|p2a: Zamazenta|Close Combat|p1a: Runerigus
|-immune|p1a: Runerigus
|
|upkeep
|turn|11
|
|t:|1685120304
|switch|p2a: Regice|Regice, L84|255/271 brn
|move|p1a: Runerigus|Stealth Rock|p2a: Regice
|-sidestart|p2: Tortue2006|move: Stealth Rock
|
|-heal|p2a: Regice|271/271 brn|[from] item: Leftovers
|-damage|p2a: Regice|255/271 brn|[from] brn
|upkeep
|turn|12
|
|t:|1685120316
|switch|p1a: Arcanine|Arcanine, L82, M|230/282
|move|p2a: Regice|Thunderbolt|p1a: Arcanine
|-damage|p1a: Arcanine|163/282
|
|-heal|p2a: Regice|271/271 brn|[from] item: Leftovers
|-damage|p2a: Regice|255/271 brn|[from] brn
|upkeep
|turn|13
|
|t:|1685120329
|switch|p2a: Zamazenta|Zamazenta, L73|103/255
|-damage|p2a: Zamazenta|88/255|[from] Stealth Rock
|-ability|p2a: Zamazenta|Dauntless Shield|boost
|-boost|p2a: Zamazenta|def|1
|move|p1a: Arcanine|Morning Sun|p1a: Arcanine
|-heal|p1a: Arcanine|282/282
|
|upkeep
|turn|14
|
|t:|1685120345
|move|p2a: Zamazenta|Psychic Fangs|p1a: Arcanine
|-damage|p1a: Arcanine|193/282
|move|p1a: Arcanine|Flare Blitz|p2a: Zamazenta
|-damage|p2a: Zamazenta|9/255
|-damage|p1a: Arcanine|167/282|[from] Recoil
|
|upkeep
|turn|15
|
|t:|1685120352
|move|p1a: Arcanine|Extreme Speed|p2a: Zamazenta
|-damage|p2a: Zamazenta|0 fnt
|faint|p2a: Zamazenta
|
|upkeep
|
|t:|1685120358
|switch|p2a: Dunsparce|Dunsparce, L90, F|326/326
|-damage|p2a: Dunsparce|286/326|[from] Stealth Rock
|turn|16
|
|t:|1685120371
|move|p1a: Arcanine|Close Combat|p2a: Dunsparce
|-supereffective|p2a: Dunsparce
|-damage|p2a: Dunsparce|78/326
|-unboost|p1a: Arcanine|def|1
|-unboost|p1a: Arcanine|spd|1
|move|p2a: Dunsparce|Coil|p2a: Dunsparce
|-boost|p2a: Dunsparce|atk|1
|-boost|p2a: Dunsparce|def|1
|-boost|p2a: Dunsparce|accuracy|1
|
|-heal|p2a: Dunsparce|98/326|[from] item: Leftovers
|upkeep
|turn|17
|
|t:|1685120383
|move|p1a: Arcanine|Close Combat|p2a: Dunsparce
|-supereffective|p2a: Dunsparce
|-damage|p2a: Dunsparce|0 fnt
|-unboost|p1a: Arcanine|def|1
|-unboost|p1a: Arcanine|spd|1
|faint|p2a: Dunsparce
|
|upkeep
|
|t:|1685120390
|switch|p2a: Toxtricity|Toxtricity, L82, M|257/257
|-damage|p2a: Toxtricity|225/257|[from] Stealth Rock
|turn|18
|
|t:|1685120412
|move|p1a: Arcanine|Flare Blitz|p2a: Toxtricity
|-damage|p2a: Toxtricity|68/257
|-status|p2a: Toxtricity|brn
|-damage|p1a: Arcanine|115/282|[from] Recoil
|move|p2a: Toxtricity|Shift Gear|p2a: Toxtricity
|-boost|p2a: Toxtricity|spe|2
|-boost|p2a: Toxtricity|atk|1
|
|-damage|p2a: Toxtricity|52/257 brn|[from] brn
|upkeep
|turn|19
|
|t:|1685120424
|move|p2a: Toxtricity|Overdrive|p1a: Arcanine
|-damage|p1a: Arcanine|0 fnt
|faint|p1a: Arcanine
|-enditem|p2a: Toxtricity|Throat Spray
|-boost|p2a: Toxtricity|spa|1|[from] item: Throat Spray
|
|-damage|p2a: Toxtricity|36/257 brn|[from] brn
|upkeep
|c|☆jpremy|lucky burn
|
|t:|1685120434
|switch|p1a: Regidrago|Regidrago, L78|440/440
|turn|20
|
|t:|1685120440
|move|p2a: Toxtricity|Boomburst|p1a: Regidrago
|-damage|p1a: Regidrago|128/440
|move|p1a: Regidrago|Dragon Dance|p1a: Regidrago
|-boost|p1a: Regidrago|atk|1
|-boost|p1a: Regidrago|spe|1
|
|-damage|p2a: Toxtricity|20/257 brn|[from] brn
|upkeep
|turn|21
|
|t:|1685120454
|move|p2a: Toxtricity|Boomburst|p1a: Regidrago
|-crit|p1a: Regidrago
|-damage|p1a: Regidrago|0 fnt
|faint|p1a: Regidrago
|
|-damage|p2a: Toxtricity|4/257 brn|[from] brn
|upkeep
|
|t:|1685120457
|switch|p1a: Runerigus|Runerigus, L84, F|235/235
|turn|22
|
|t:|1685120464
|move|p2a: Toxtricity|Sludge Wave|p1a: Runerigus
|-resisted|p1a: Runerigus
|-damage|p1a: Runerigus|200/235
|move|p1a: Runerigus|Earthquake|p2a: Toxtricity
|-supereffective|p2a: Toxtricity
|-crit|p2a: Toxtricity
|-damage|p2a: Toxtricity|0 fnt
|faint|p2a: Toxtricity
|
|-heal|p1a: Runerigus|214/235|[from] item: Leftovers
|upkeep
|
|t:|1685120478
|switch|p2a: Regice|Regice, L84|255/271 brn
|-damage|p2a: Regice|188/271 brn|[from] Stealth Rock
|turn|23
|
|t:|1685120489
|move|p2a: Regice|Ice Beam|p1a: Runerigus
|-supereffective|p1a: Runerigus
|-damage|p1a: Runerigus|32/235
|move|p1a: Runerigus|Earthquake|p2a: Regice
|-damage|p2a: Regice|97/271 brn
|
|-heal|p2a: Regice|113/271 brn|[from] item: Leftovers
|-heal|p1a: Runerigus|46/235|[from] item: Leftovers
|-damage|p2a: Regice|97/271 brn|[from] brn
|upkeep
|turn|24
|
|t:|1685120498
|switch|p1a: Froslass|Froslass, L84, F|255/255
|move|p2a: Regice|Ice Beam|p1a: Froslass
|-resisted|p1a: Froslass
|-damage|p1a: Froslass|202/255
|
|-heal|p2a: Regice|113/271 brn|[from] item: Leftovers
|-damage|p2a: Regice|97/271 brn|[from] brn
|upkeep
|turn|25
|
|t:|1685120510
|move|p1a: Froslass|Poltergeist|p2a: Regice
|-activate|p2a: Regice|move: Poltergeist|Leftovers
|-damage|p2a: Regice|1/271 brn
|move|p2a: Regice|Thunderbolt|p1a: Froslass
|-damage|p1a: Froslass|126/255
|
|-heal|p2a: Regice|17/271 brn|[from] item: Leftovers
|-damage|p2a: Regice|1/271 brn|[from] brn
|upkeep
|turn|26
|
|t:|1685120523
|move|p1a: Froslass|Spikes|p2a: Regice
|-sidestart|p2: Tortue2006|Spikes
|move|p2a: Regice|Rest|p2a: Regice
|-status|p2a: Regice|slp|[from] move: Rest
|-heal|p2a: Regice|271/271 slp|[silent]
|
|upkeep
|turn|27
|
|t:|1685120530
|move|p1a: Froslass|Poltergeist|p2a: Regice
|-activate|p2a: Regice|move: Poltergeist|Leftovers
|-damage|p2a: Regice|171/271 slp
|cant|p2a: Regice|slp
|
|-heal|p2a: Regice|187/271 slp|[from] item: Leftovers
|upkeep
|turn|28
|
|t:|1685120540
|move|p1a: Froslass|Poltergeist|p2a: Regice
|-activate|p2a: Regice|move: Poltergeist|Leftovers
|-damage|p2a: Regice|88/271 slp
|cant|p2a: Regice|slp
|
|-heal|p2a: Regice|104/271 slp|[from] item: Leftovers
|upkeep
|turn|29
|
|t:|1685120551
|move|p1a: Froslass|Poltergeist|p2a: Regice
|-activate|p2a: Regice|move: Poltergeist|Leftovers
|-damage|p2a: Regice|7/271 slp
|-curestatus|p2a: Regice|slp|[msg]
|move|p2a: Regice|Thunderbolt|p1a: Froslass
|-damage|p1a: Froslass|43/255
|
|-heal|p2a: Regice|23/271|[from] item: Leftovers
|upkeep
|turn|30
|
|t:|1685120563
|move|p1a: Froslass|Poltergeist|p2a: Regice
|-activate|p2a: Regice|move: Poltergeist|Leftovers
|-damage|p2a: Regice|0 fnt
|faint|p2a: Regice
|
|upkeep
|
|t:|1685120569
|switch|p2a: Magearna|Magearna, L76|247/247
|-damage|p2a: Magearna|232/247|[from] Stealth Rock
|-damage|p2a: Magearna|202/247|[from] Spikes
|turn|31
|
|t:|1685120585
|move|p1a: Froslass|Will-O-Wisp|p2a: Magearna
|-status|p2a: Magearna|brn
|move|p2a: Magearna|Agility|p2a: Magearna
|-boost|p2a: Magearna|spe|2
|
|-heal|p2a: Magearna|217/247 brn|[from] item: Leftovers
|-damage|p2a: Magearna|202/247 brn|[from] brn
|upkeep
|turn|32
|
|t:|1685120614
|move|p2a: Magearna|Flash Cannon|p1a: Froslass
|-supereffective|p1a: Froslass
|-damage|p1a: Froslass|0 fnt
|faint|p1a: Froslass
|-ability|p2a: Magearna|Soul-Heart|boost
|-boost|p2a: Magearna|spa|1
|
|-heal|p2a: Magearna|217/247 brn|[from] item: Leftovers
|-damage|p2a: Magearna|202/247 brn|[from] brn
|upkeep
|
|t:|1685120622
|switch|p1a: Runerigus|Runerigus, L84, F|46/235
|turn|33
|
|t:|1685120636
|move|p2a: Magearna|Flash Cannon|p1a: Runerigus
|-damage|p1a: Runerigus|0 fnt
|faint|p1a: Runerigus
|-ability|p2a: Magearna|Soul-Heart|boost
|-boost|p2a: Magearna|spa|1
|
|-heal|p2a: Magearna|217/247 brn|[from] item: Leftovers
|-damage|p2a: Magearna|202/247 brn|[from] brn
|upkeep
|
|t:|1685120638
|switch|p1a: Urshifu|Urshifu, L76, F|277/277
|turn|34
|j| KuroMegaCharletX
|c| KuroMegaCharletX|Yoooo
|
|t:|1685120671
|move|p2a: Magearna|Fleur Cannon|p1a: Urshifu
|-supereffective|p1a: Urshifu
|-damage|p1a: Urshifu|0 fnt
|-unboost|p2a: Magearna|spa|2
|faint|p1a: Urshifu
|
|win|Tortue2006
|c| Iamsleep|gg
|c| KuroMegaCharletX|Gg
|c|☆Tortue2006|gg
|c|☆jpremy|the froslass mislpay got me
