{"id": "gen8randombattle-1872230965", "p1": "Fluore", "p2": "Teres bahji", "format": "[Gen 8] Random Battle", "log": "|j|\u2606Fluore\n|j|\u2606Teres bahji\n|t:|1685200155\n|gametype|singles\n|player|p1|Fluore|#bltviiiturtwigs|\n|player|p2|Teres bahji|#rbtt6teamzarudef|\n|teamsize|p1|6\n|teamsize|p2|6\n|gen|8\n|tier|[Gen 8] Random Battle\n|rule|Species Clause: Limit one of each Pok\u00e9mon\n|rule|HP Percentage Mod: HP is shown in percentages\n|rule|Sleep Clause Mod: Limit one foe put to sleep\n|\n|t:|1685200155\n|start\n|switch|p1a: Vanilluxe|Vanilluxe, L82, M|251/251\n|switch|p2a: Milotic|Milotic, L82, F|290/290\n|-weather|Hail|[from] ability: Snow Warning|[of] p1a: Vanilluxe\n|turn|1\n|inactive|Battle timer is ON: inactive players will automatically lose when time's up. (requested by Fluore)\n|\n|t:|1685200169\n|move|p2a: Milotic|Toxic|p1a: Vanilluxe\n|-status|p1a: Vanilluxe|tox\n|move|p1a: Vanilluxe|Aurora Veil|p1a: Vanilluxe\n|-sidestart|p1: Fluore|move: Aurora Veil\n|\n|-weather|Hail|[upkeep]\n|-damage|p2a: Milotic|272/290|[from] Hail\n|-heal|p2a: Milotic|290/290|[from] item: Leftovers\n|-damage|p1a: Vanilluxe|236/251 tox|[from] psn\n|upkeep\n|turn|2\n|c|\u2606Teres bahji|hf\n|c|\u2606Fluore|hf\n|\n|t:|1685200180\n|move|p2a: Milotic|Scald|p1a: Vanilluxe\n|-damage|p1a: Vanilluxe|195/251 tox\n|move|p1a: Vanilluxe|Explosion|p2a: Milotic\n|-damage|p2a: Milotic|120/290\n|faint|p1a: Vanilluxe\n|\n|-weather|Hail|[upkeep]\n|-damage|p2a: Milotic|102/290|[from] Hail\n|-heal|p2a: Milotic|120/290|[from] item: Leftovers\n|upkeep\n|\n|t:|1685200187\n|switch|p1a: Araquanid|Araquanid, L80, M|240/240\n|turn|3\n|\n|t:|1685200199\n|move|p2a: Milotic|Toxic|p1a: Araquanid\n|-status|p1a: Araquanid|tox\n|move|p1a: Araquanid|Toxic|p2a: Milotic\n|-status|p2a: Milotic|tox\n|\n|-weather|Hail|[upkeep]\n|-damage|p2a: Milotic|102/290 tox|[from] Hail\n|-damage|p1a: Araquanid|225/240 tox|[from] Hail\n|-heal|p2a: Milotic|120/290 tox|[from] item: Leftovers\n|-damage|p2a: Milotic|102/290 tox|[from] psn\n|-damage|p1a: Araquanid|210/240 tox|[from] psn\n|upkeep\n|turn|4\n|\n|t:|1685200207\n|move|p2a: Milotic|Recover|p2a: Milotic\n|-heal|p2a: Milotic|247/290 tox\n|move|p1a: Araquanid|Sticky Web|p2a: Milotic\n|-sidestart|p2: Teres bahji|move: Sticky Web\n|\n|-weather|Hail|[upkeep]\n|-damage|p2a: Milotic|229/290 tox|[from] Hail\n|-damage|p1a: Araquanid|195/240 tox|[from] Hail\n|-heal|p2a: Milotic|247/290 tox|[from] item: Leftovers\n|-damage|p2a: Milotic|211/290 tox|[from] psn\n|-damage|p1a: Araquanid|165/240 tox|[from] psn\n|upkeep\n|turn|5\n|\n|t:|1685200213\n|switch|p2a: Trevenant|Trevenant, L86, F|286/286\n|-activate|p2a: Trevenant|move: Sticky Web\n|-unboost|p2a: Trevenant|spe|1\n|move|p1a: Araquanid|Mirror Coat||[still]\n|-fail|p1a: Araquanid\n|\n|-weather|none\n|-damage|p1a: Araquanid|120/240 tox|[from] psn\n|upkeep\n|turn|6\n|\n|t:|1685200221\n|move|p1a: Araquanid|Toxic|p2a: Trevenant\n|-status|p2a: Trevenant|tox\n|move|p2a: Trevenant|Trick Room|p2a: Trevenant\n|-fieldstart|move: Trick Room|[of] p2a: Trevenant\n|\n|-damage|p2a: Trevenant|269/286 tox|[from] psn\n|-damage|p1a: Araquanid|60/240 tox|[from] psn\n|upkeep\n|turn|7\n|\n|t:|1685200229\n|move|p2a: Trevenant|Poltergeist|p1a: Araquanid\n|-activate|p1a: Araquanid|move: Poltergeist|Heavy-Duty Boots\n|-damage|p1a: Araquanid|0 fnt\n|faint|p1a: Araquanid\n|-damage|p2a: Trevenant|241/286 tox|[from] item: Life Orb\n|\n|-damage|p2a: Trevenant|207/286 tox|[from] psn\n|upkeep\n|\n|t:|1685200231\n|switch|p1a: Diggersby|Diggersby, L80, M|267/267\n|turn|8\n|\n|t:|1685200240\n|switch|p1a: Arcanine|Arcanine, L82, M|282/282\n|move|p2a: Trevenant|Horn Leech|p1a: Arcanine\n|-resisted|p1a: Arcanine\n|-damage|p1a: Arcanine|251/282\n|-heal|p2a: Trevenant|223/286 tox|[from] drain|[of] p1a: Arcanine\n|-damage|p2a: Trevenant|195/286 tox|[from] item: Life Orb\n|\n|-damage|p2a: Trevenant|144/286 tox|[from] psn\n|-sideend|p1: Fluore|move: Aurora Veil\n|upkeep\n|turn|9\n|\n|t:|1685200255\n|-curestatus|p2a: Trevenant|tox|[from] ability: Natural Cure\n|switch|p2a: Milotic|Milotic, L82, F|211/290 tox\n|-activate|p2a: Milotic|move: Sticky Web\n|-unboost|p2a: Milotic|spe|1\n|switch|p1a: Diggersby|Diggersby, L80, M|267/267\n|\n|-heal|p2a: Milotic|229/290 tox|[from] item: Leftovers\n|-damage|p2a: Milotic|211/290 tox|[from] psn\n|upkeep\n|turn|10\n|\n|t:|1685200261\n|switch|p1a: Seaking|Seaking, L88, M|284/284\n|move|p2a: Milotic|Scald|p1a: Seaking\n|-resisted|p1a: Seaking\n|-damage|p1a: Seaking|243/284\n|\n|-heal|p2a: Milotic|229/290 tox|[from] item: Leftovers\n|-damage|p2a: Milotic|193/290 tox|[from] psn\n|-fieldend|move: Trick Room\n|upkeep\n|turn|11\n|\n|t:|1685200267\n|move|p1a: Seaking|Swords Dance|p1a: Seaking\n|-boost|p1a: Seaking|atk|2\n|move|p2a: Milotic|Toxic|p1a: Seaking\n|-status|p1a: Seaking|tox\n|\n|-heal|p2a: Milotic|211/290 tox|[from] item: Leftovers\n|-damage|p1a: Seaking|226/284 tox|[from] psn\n|-damage|p2a: Milotic|157/290 tox|[from] psn\n|upkeep\n|turn|12\n|\n|t:|1685200276\n|move|p1a: Seaking|Megahorn|p2a: Milotic\n|-damage|p2a: Milotic|0 fnt\n|faint|p2a: Milotic\n|-damage|p1a: Seaking|198/284 tox|[from] item: Life Orb\n|\n|-damage|p1a: Seaking|164/284 tox|[from] psn\n|upkeep\n|\n|t:|1685200284\n|switch|p2a: Thundurus|Thundurus, L80, M|258/258\n|turn|13\n|\n|t:|1685200292\n|move|p2a: Thundurus|Thunderbolt|p1a: Seaking\n|-supereffective|p1a: Seaking\n|-damage|p1a: Seaking|0 fnt\n|faint|p1a: Seaking\n|\n|upkeep\n|\n|t:|1685200311\n|switch|p1a: Diggersby|Diggersby, L80, M|267/267\n|turn|14\n|\n|t:|1685200321\n|-start|p1a: Diggersby|Dynamax|\n|-heal|p1a: Diggersby|534/534|[silent]\n|move|p2a: Thundurus|Grass Knot||[still]\n|-fail|p2a: Thundurus|move: Grass Knot|[from] Dynamax\n|move|p1a: Diggersby|Max Strike|p2a: Thundurus\n|-damage|p2a: Thundurus|0 fnt\n|faint|p2a: Thundurus\n|-damage|p1a: Diggersby|508/534|[from] item: Life Orb\n|\n|upkeep\n|\n|t:|1685200330\n|switch|p2a: Trevenant|Trevenant, L86, F|144/286\n|-activate|p2a: Trevenant|move: Sticky Web\n|-unboost|p2a: Trevenant|spe|1\n|turn|15\n|\n|t:|1685200337\n|switch|p2a: Turtonator|Turtonator, L84, F|238/238\n|-activate|p2a: Turtonator|move: Sticky Web\n|-unboost|p2a: Turtonator|spe|1\n|-enditem|p2a: Turtonator|White Herb\n|-clearnegativeboost|p2a: Turtonator|[silent]\n|move|p1a: Diggersby|Max Quake|p2a: Turtonator\n|-supereffective|p2a: Turtonator\n|-damage|p2a: Turtonator|0 fnt\n|-boost|p1a: Diggersby|spd|1\n|faint|p2a: Turtonator\n|-damage|p1a: Diggersby|482/534|[from] item: Life Orb\n|\n|upkeep\n|\n|t:|1685200342\n|switch|p2a: Trevenant|Trevenant, L86, F|144/286\n|-activate|p2a: Trevenant|move: Sticky Web\n|-unboost|p2a: Trevenant|spe|1\n|turn|16\n|\n|t:|1685200364\n|move|p1a: Diggersby|Max Quake|p2a: Trevenant\n|-resisted|p2a: Trevenant\n|-damage|p2a: Trevenant|15/286\n|-boost|p1a: Diggersby|spd|1\n|-damage|p1a: Diggersby|456/534|[from] item: Life Orb\n|move|p2a: Trevenant|Trick Room|p2a: Trevenant\n|-fieldstart|move: Trick Room|[of] p2a: Trevenant\n|\n|upkeep\n|-end|p1a: Diggersby|Dynamax\n|-heal|p1a: Diggersby|228/267|[silent]\n|turn|17\n|\n|t:|1685200373\n|switch|p1a: Arcanine|Arcanine, L82, M|251/282\n|move|p2a: Trevenant|Horn Leech|p1a: Arcanine\n|-resisted|p1a: Arcanine\n|-damage|p1a: Arcanine|191/282\n|-heal|p2a: Trevenant|45/286|[from] drain|[of] p1a: Arcanine\n|-damage|p2a: Trevenant|17/286|[from] item: Life Orb\n|\n|upkeep\n|turn|18\n|\n|t:|1685200395\n|move|p2a: Trevenant|Poltergeist|p1a: Arcanine\n|-activate|p1a: Arcanine|move: Poltergeist|Heavy-Duty Boots\n|-damage|p1a: Arcanine|0 fnt\n|faint|p1a: Arcanine\n|-damage|p2a: Trevenant|0 fnt|[from] item: Life Orb\n|faint|p2a: Trevenant\n|\n|upkeep\n|\n|t:|1685200401\n|switch|p2a: Azumarill|Azumarill, L84, F|305/305\n|switch|p1a: Diggersby|Diggersby, L80, M|228/267\n|-activate|p2a: Azumarill|move: Sticky Web\n|-unboost|p2a: Azumarill|spe|1\n|turn|19\n|\n|t:|1685200406\n|move|p2a: Azumarill|Liquidation|p1a: Diggersby\n|-supereffective|p1a: Diggersby\n|-damage|p1a: Diggersby|0 fnt\n|faint|p1a: Diggersby\n|\n|upkeep\n|\n|t:|1685200408\n|switch|p1a: Solgaleo|Solgaleo, L72|316/316\n|turn|20\n|\n|t:|1685200413\n|-start|p2a: Azumarill|Dynamax|\n|-heal|p2a: Azumarill|610/610|[silent]\n|move|p2a: Azumarill|Max Geyser|p1a: Solgaleo\n|-damage|p1a: Solgaleo|153/316\n|-weather|RainDance\n|move|p1a: Solgaleo|Sunsteel Strike|p2a: Azumarill\n|-damage|p2a: Azumarill|453/610\n|\n|-weather|RainDance|[upkeep]\n|-fieldend|move: Trick Room\n|upkeep\n|turn|21\n|\n|t:|1685200418\n|move|p1a: Solgaleo|Sunsteel Strike|p2a: Azumarill\n|-damage|p2a: Azumarill|297/610\n|move|p2a: Azumarill|Max Geyser|p1a: Solgaleo\n|-damage|p1a: Solgaleo|0 fnt\n|faint|p1a: Solgaleo\n|\n|win|Teres bahji\n|c|\u2606Fluore|ggs\n|c|\u2606Teres bahji|sorry\n|l|\u2606Fluore\n", "inputlog": ">version d74822bbc74c095aa312053f7034baee3068d99e\n>start {\"formatid\":\"gen8randombattle\",\"seed\":[8629,22433,64722,26578]}\n>player p1 {\"name\":\"Fluore\",\"avatar\":\"#bltviiiturtwigs\",\"rating\":0,\"seed\":[6261,17671,13000,58962]}\n>player p2 {\"name\":\"Teres bahji\",\"avatar\":\"#rbtt6teamzarudef\",\"rating\":0,\"seed\":[51203,48656,60505,16386]}\n>p1 move auroraveil\n>p2 move toxic\n>chat \u2606Teres bahji|hf\n>chat \u2606Fluore|hf\n>p1 move explosion\n>p2 move scald\n>p1 switch 3\n>p1 move toxic\n>p2 move toxic\n>p1 move stickyweb\n>p2 move recover\n>p1 move mirrorcoat\n>p2 switch 4\n>p1 move toxic\n>p2 move trickroom\n>p1 move liquidation\n>p2 move poltergeist\n>p1 switch 2\n>p1 switch 4\n>p2 move hornleech\n>p1 switch 4\n>p2 switch 4\n>p1 switch 5\n>p2 move scald\n>p1 move swordsdance\n>p2 move toxic\n>p1 move megahorn\n>p2 move recover\n>p2 switch 6\n>p1 move waterfall\n>p2 move thunderbolt\n>p1 switch 5\n>p1 move bodyslam dynamax\n>p2 move grassknot\n>p2 switch 4\n>p1 move earthquake dynamax\n>p2 switch 2\n>p2 switch 2\n>p1 move earthquake dynamax\n>p2 move trickroom\n>p1 switch 4\n>p2 move hornleech\n>p1 move flareblitz\n>p2 move poltergeist\n>p1 switch 4\n>p2 switch 5\n>p1 move earthquake\n>p2 move liquidation\n>p1 switch 6\n>p1 move sunsteelstrike\n>p2 move liquidation dynamax\n>p1 move sunsteelstrike\n>p2 move liquidation dynamax", "uploadtime": 1685200428, "views": 2, "p1id": "fluore", "p2id": "teresbahji", "formatid": "gen8randombattle", "rating": 0, "private": 0, "password": ""}