{"id": "gen8randombattle-1872959531", "p1": "MG_LacosteTN", "p2": "gareeb adani", "format": "[Gen 8] Random Battle", "log": "|j|\u2606MG_LacosteTN\n|j|\u2606gareeb adani\n|t:|1685305643\n|gametype|singles\n|player|p1|MG_LacosteTN|169|1376\n|player|p2|gareeb adani|2|1471\n|teamsize|p1|6\n|teamsize|p2|6\n|gen|8\n|tier|[Gen 8] Random Battle\n|rated|\n|rule|Species Clause: Limit one of each Pok\u00e9mon\n|rule|HP Percentage Mod: HP is shown in percentages\n|rule|Sleep Clause Mod: Limit one foe put to sleep\n|\n|t:|1685305643\n|start\n|switch|p1a: Registeel|Registeel, L83|268/268\n|switch|p2a: Tauros|Tauros, L82, M|257/257\n|turn|1\n|inactive|Battle timer is ON: inactive players will automatically lose when time's up. (requested by gareeb adani)\n|\n|t:|1685305653\n|switch|p2a: Heatmor|Heatmor, L90, M|299/299\n|move|p1a: Registeel|Body Press|p2a: Heatmor\n|-damage|p2a: Heatmor|208/299\n|\n|upkeep\n|turn|2\n|\n|t:|1685305664\n|switch|p1a: Octillery|Octillery, L86, F|269/269\n|move|p2a: Heatmor|Fire Lash|p1a: Octillery\n|-resisted|p1a: Octillery\n|-crit|p1a: Octillery\n|-damage|p1a: Octillery|188/269\n|-unboost|p1a: Octillery|def|1\n|\n|-heal|p1a: Octillery|204/269|[from] item: Leftovers\n|-ability|p1a: Octillery|Moody|boost\n|-boost|p1a: Octillery|spe|2\n|-unboost|p1a: Octillery|spa|1\n|upkeep\n|turn|3\n|\n|t:|1685305680\n|move|p1a: Octillery|Protect|p1a: Octillery\n|-singleturn|p1a: Octillery|Protect\n|move|p2a: Heatmor|Knock Off|p1a: Octillery\n|-activate|p1a: Octillery|move: Protect\n|\n|-heal|p1a: Octillery|220/269|[from] item: Leftovers\n|-ability|p1a: Octillery|Moody|boost\n|-boost|p1a: Octillery|def|2\n|-unboost|p1a: Octillery|spe|1\n|upkeep\n|turn|4\n|\n|t:|1685305691\n|move|p1a: Octillery|Hydro Pump|p2a: Heatmor|[miss]\n|-miss|p1a: Octillery|p2a: Heatmor\n|move|p2a: Heatmor|Giga Drain|p1a: Octillery\n|-supereffective|p1a: Octillery\n|-damage|p1a: Octillery|72/269\n|-heal|p2a: Heatmor|282/299|[from] drain|[of] p1a: Octillery\n|\n|-heal|p1a: Octillery|88/269|[from] item: Leftovers\n|-ability|p1a: Octillery|Moody|boost\n|-boost|p1a: Octillery|spa|2\n|-unboost|p1a: Octillery|def|1\n|upkeep\n|turn|5\n|\n|t:|1685305702\n|switch|p2a: Shedinja|Shedinja, L88|1/1\n|move|p1a: Octillery|Protect||[still]\n|-fail|p1a: Octillery\n|\n|-heal|p1a: Octillery|104/269|[from] item: Leftovers\n|-ability|p1a: Octillery|Moody|boost\n|-boost|p1a: Octillery|spa|2\n|-unboost|p1a: Octillery|spe|1\n|upkeep\n|turn|6\n|\n|t:|1685305718\n|switch|p1a: Sableye|Sableye, L88, F|231/231\n|switch|p2a: Heatmor|Heatmor, L90, M|282/299\n|\n|upkeep\n|turn|7\n|\n|t:|1685305726\n|move|p2a: Heatmor|Fire Lash|p1a: Sableye\n|-damage|p1a: Sableye|126/231\n|-unboost|p1a: Sableye|def|1\n|move|p1a: Sableye|Knock Off|p2a: Heatmor\n|-damage|p2a: Heatmor|179/299\n|-enditem|p2a: Heatmor|Heavy-Duty Boots|[from] move: Knock Off|[of] p1a: Sableye\n|\n|-heal|p1a: Sableye|140/231|[from] item: Leftovers\n|upkeep\n|turn|8\n|\n|t:|1685305740\n|switch|p1a: Arcanine|Arcanine, L82, F|282/282\n|move|p2a: Heatmor|Fire Lash|p1a: Arcanine\n|-start|p1a: Arcanine|ability: Flash Fire\n|\n|upkeep\n|turn|9\n|\n|t:|1685305753\n|move|p1a: Arcanine|Wild Charge|p2a: Heatmor\n|-damage|p2a: Heatmor|72/299\n|-damage|p1a: Arcanine|255/282|[from] Recoil\n|move|p2a: Heatmor|Knock Off|p1a: Arcanine\n|-damage|p1a: Arcanine|169/282\n|-enditem|p1a: Arcanine|Choice Band|[from] move: Knock Off|[of] p2a: Heatmor\n|\n|upkeep\n|turn|10\n|\n|t:|1685305762\n|move|p1a: Arcanine|Wild Charge|p2a: Heatmor\n|-damage|p2a: Heatmor|0 fnt\n|faint|p2a: Heatmor\n|-damage|p1a: Arcanine|151/282|[from] Recoil\n|\n|upkeep\n|\n|t:|1685305773\n|switch|p2a: Wishiwashi|Wishiwashi, L84, M|213/213\n|-formechange|p2a: Wishiwashi|Wishiwashi-School||[from] ability: Schooling\n|turn|11\n|\n|t:|1685305777\n|move|p1a: Arcanine|Wild Charge|p2a: Wishiwashi\n|-supereffective|p2a: Wishiwashi\n|-damage|p2a: Wishiwashi|113/213\n|-damage|p1a: Arcanine|126/282|[from] Recoil\n|move|p2a: Wishiwashi|Scald|p1a: Arcanine\n|-supereffective|p1a: Arcanine\n|-damage|p1a: Arcanine|0 fnt\n|faint|p1a: Arcanine\n|\n|upkeep\n|\n|t:|1685305787\n|switch|p1a: Gourgeist|Gourgeist-Small, L84, M|230/230\n|-item|p2a: Wishiwashi|Assault Vest|[from] ability: Frisk|[of] p1a: Gourgeist|[identify]\n|turn|12\n|\n|t:|1685305795\n|switch|p2a: Tauros|Tauros, L82, M|257/257\n|move|p1a: Gourgeist|Leech Seed|p2a: Tauros\n|-start|p2a: Tauros|move: Leech Seed\n|\n|-damage|p2a: Tauros|225/257|[from] Leech Seed|[of] p1a: Gourgeist\n|upkeep\n|turn|13\n|\n|t:|1685305812\n|switch|p2a: Armaldo|Armaldo, L86, F|269/269\n|switch|p1a: Sableye|Sableye, L88, F|140/231\n|\n|-heal|p1a: Sableye|154/231|[from] item: Leftovers\n|upkeep\n|turn|14\n|\n|t:|1685305826\n|switch|p2a: Sylveon|Sylveon, L84, F|297/297\n|move|p1a: Sableye|Toxic|p2a: Sylveon\n|-status|p2a: Sylveon|tox\n|\n|-heal|p1a: Sableye|168/231|[from] item: Leftovers\n|-damage|p2a: Sylveon|279/297 tox|[from] psn\n|upkeep\n|turn|15\n|\n|t:|1685305834\n|move|p2a: Sylveon|Wish|p2a: Sylveon\n|move|p1a: Sableye|Knock Off|p2a: Sylveon\n|-resisted|p2a: Sylveon\n|-damage|p2a: Sylveon|219/297 tox\n|-enditem|p2a: Sylveon|Leftovers|[from] move: Knock Off|[of] p1a: Sableye\n|\n|-heal|p1a: Sableye|182/231|[from] item: Leftovers\n|-damage|p2a: Sylveon|183/297 tox|[from] psn\n|upkeep\n|turn|16\n|\n|t:|1685305846\n|move|p1a: Sableye|Taunt|p2a: Sylveon\n|-start|p2a: Sylveon|move: Taunt\n|move|p2a: Sylveon|Hyper Voice|p1a: Sableye\n|-supereffective|p1a: Sableye\n|-damage|p1a: Sableye|0 fnt\n|faint|p1a: Sableye\n|\n|-heal|p2a: Sylveon|297/297 tox|[from] move: Wish|[wisher] Sylveon\n|-damage|p2a: Sylveon|243/297 tox|[from] psn\n|upkeep\n|\n|t:|1685305857\n|switch|p1a: Registeel|Registeel, L83|268/268\n|turn|17\n|\n|t:|1685305861\n|switch|p2a: Shedinja|Shedinja, L88|1/1\n|move|p1a: Registeel|Iron Head|p2a: Shedinja\n|-immune|p2a: Shedinja|[from] ability: Wonder Guard\n|\n|upkeep\n|turn|18\n|\n|t:|1685305869\n|move|p1a: Registeel|Toxic|p2a: Shedinja\n|-status|p2a: Shedinja|tox\n|move|p2a: Shedinja|Poltergeist|p1a: Registeel\n|-activate|p1a: Registeel|move: Poltergeist|Chesto Berry\n|-damage|p1a: Registeel|181/268\n|\n|-damage|p2a: Shedinja|0 fnt|[from] psn\n|faint|p2a: Shedinja\n|upkeep\n|\n|t:|1685305885\n|switch|p2a: Tauros|Tauros, L82, M|225/257\n|turn|19\n|\n|t:|1685305892\n|-start|p2a: Tauros|Dynamax|\n|-heal|p2a: Tauros|450/514|[silent]\n|move|p2a: Tauros|Max Knuckle|p1a: Registeel\n|-supereffective|p1a: Registeel\n|-damage|p1a: Registeel|74/268\n|-boost|p2a: Tauros|atk|1\n|-damage|p2a: Tauros|425/514|[from] item: Life Orb\n|move|p1a: Registeel|Body Press|p2a: Tauros\n|-supereffective|p2a: Tauros\n|-damage|p2a: Tauros|259/514\n|\n|upkeep\n|turn|20\n|\n|t:|1685305905\n|switch|p1a: Gourgeist|Gourgeist-Small, L84, M|230/230\n|-item|p2a: Tauros|Life Orb|[from] ability: Frisk|[of] p1a: Gourgeist|[identify]\n|move|p2a: Tauros|Max Darkness|p1a: Gourgeist\n|-supereffective|p1a: Gourgeist\n|-damage|p1a: Gourgeist|0 fnt\n|faint|p1a: Gourgeist\n|-damage|p2a: Tauros|234/514|[from] item: Life Orb\n|\n|upkeep\n|\n|t:|1685305916\n|switch|p1a: Registeel|Registeel, L83|74/268\n|turn|21\n|\n|t:|1685305919\n|move|p2a: Tauros|Max Knuckle|p1a: Registeel\n|-supereffective|p1a: Registeel\n|-damage|p1a: Registeel|0 fnt\n|-boost|p2a: Tauros|atk|1\n|faint|p1a: Registeel\n|-damage|p2a: Tauros|209/514|[from] item: Life Orb\n|\n|upkeep\n|\n|t:|1685305928\n|switch|p1a: Barbaracle|Barbaracle, L80, F|246/246\n|-end|p2a: Tauros|Dynamax\n|-heal|p2a: Tauros|105/257|[silent]\n|turn|22\n|\n|t:|1685305943\n|-start|p1a: Barbaracle|Dynamax|\n|-heal|p1a: Barbaracle|492/492|[silent]\n|move|p2a: Tauros|Close Combat|p1a: Barbaracle\n|-supereffective|p1a: Barbaracle\n|-damage|p1a: Barbaracle|144/492\n|-unboost|p2a: Tauros|def|1\n|-unboost|p2a: Tauros|spd|1\n|-damage|p2a: Tauros|80/257|[from] item: Life Orb\n|move|p1a: Barbaracle|Max Geyser|p2a: Tauros\n|-damage|p2a: Tauros|0 fnt\n|-weather|RainDance\n|faint|p2a: Tauros\n|\n|-weather|RainDance|[upkeep]\n|upkeep\n|\n|t:|1685305965\n|switch|p2a: Armaldo|Armaldo, L86, F|269/269\n|turn|23\n|\n|t:|1685305972\n|move|p2a: Armaldo|Liquidation|p1a: Barbaracle\n|-damage|p1a: Barbaracle|47/492\n|move|p1a: Barbaracle|Max Knuckle|p2a: Armaldo\n|-damage|p2a: Armaldo|208/269\n|-boost|p1a: Barbaracle|atk|1\n|\n|-weather|RainDance|[upkeep]\n|upkeep\n|turn|24\n|\n|t:|1685305982\n|move|p2a: Armaldo|Liquidation|p1a: Barbaracle\n|-damage|p1a: Barbaracle|0 fnt\n|faint|p1a: Barbaracle\n|\n|-weather|RainDance|[upkeep]\n|upkeep\n|\n|t:|1685305988\n|switch|p1a: Octillery|Octillery, L86, F|104/269\n|turn|25\n|\n|t:|1685305991\n|move|p1a: Octillery|Protect|p1a: Octillery\n|-singleturn|p1a: Octillery|Protect\n|move|p2a: Armaldo|Swords Dance|p2a: Armaldo\n|-boost|p2a: Armaldo|atk|2\n|\n|-weather|RainDance|[upkeep]\n|-heal|p1a: Octillery|120/269|[from] item: Leftovers\n|-ability|p1a: Octillery|Moody|boost\n|-boost|p1a: Octillery|spe|2\n|-unboost|p1a: Octillery|atk|1\n|upkeep\n|turn|26\n|\n|t:|1685306002\n|move|p1a: Octillery|Hydro Pump|p2a: Armaldo\n|-supereffective|p2a: Armaldo\n|-damage|p2a: Armaldo|0 fnt\n|faint|p2a: Armaldo\n|\n|-weather|none\n|-heal|p1a: Octillery|136/269|[from] item: Leftovers\n|-ability|p1a: Octillery|Moody|boost\n|-boost|p1a: Octillery|atk|2\n|-unboost|p1a: Octillery|def|1\n|upkeep\n|\n|t:|1685306007\n|switch|p2a: Wishiwashi|Wishiwashi, L84, M|113/213\n|-formechange|p2a: Wishiwashi|Wishiwashi-School||[from] ability: Schooling\n|turn|27\n|\n|t:|1685306016\n|move|p1a: Octillery|Energy Ball|p2a: Wishiwashi\n|-supereffective|p2a: Wishiwashi\n|-damage|p2a: Wishiwashi|45/213\n|move|p2a: Wishiwashi|Earthquake|p1a: Octillery\n|-damage|p1a: Octillery|0 fnt\n|faint|p1a: Octillery\n|\n|win|gareeb adani\n|raw|MG_LacosteTN's rating: 1376 &rarr; <strong>1360</strong><br />(-16 for losing)\n|raw|gareeb adani's rating: 1445 &rarr; <strong>1461</strong><br />(+16 for winning)\n", "inputlog": ">version d74822bbc74c095aa312053f7034baee3068d99e\n>start {\"formatid\":\"gen8randombattle\",\"seed\":[55250,28456,28005,32358],\"rated\":\"Rated battle\"}\n>player p1 {\"name\":\"MG_LacosteTN\",\"avatar\":\"169\",\"rating\":1376,\"seed\":[50121,42845,4472,51287]}\n>player p2 {\"name\":\"gareeb adani\",\"avatar\":\"2\",\"rating\":1471,\"seed\":[51360,15385,11791,27801]}\n>p1 move bodypress\n>p2 switch 2\n>p1 switch 6\n>p2 move firelash\n>p1 move protect\n>p2 move knockoff\n>p1 move hydropump\n>p2 move gigadrain\n>p1 move protect\n>p2 switch 4\n>p1 switch 2\n>p2 switch 4\n>p1 move knockoff\n>p2 move firelash\n>p1 switch 4\n>p2 move firelash\n>p1 move wildcharge\n>p2 move knockoff\n>p1 move wildcharge\n>p2 move knockoff\n>p2 switch 3\n>p1 move wildcharge\n>p2 move scald\n>p1 switch 5\n>p1 move leechseed\n>p2 switch 2\n>p1 switch 4\n>p2 switch 5\n>p1 move toxic\n>p2 switch 6\n>p1 move knockoff\n>p2 move wish\n>p1 move taunt\n>p2 move hypervoice\n>p1 switch 6\n>p1 move ironhead\n>p2 switch 4\n>p1 move toxic\n>p2 move poltergeist\n>p2 switch 5\n>p1 move bodypress\n>p2 move closecombat dynamax\n>p1 switch 4\n>p2 move throatchop dynamax\n>p1 switch 4\n>p1 move bodypress\n>p2 move closecombat dynamax\n>p1 switch 3\n>p1 move liquidation dynamax\n>p2 move closecombat\n>p2 switch 6\n>p1 move crosschop dynamax\n>p2 move liquidation\n>p1 move liquidation dynamax\n>p2 move liquidation\n>p1 switch 2\n>p1 move protect\n>p2 move swordsdance\n>p1 move hydropump\n>p2 move knockoff\n>p2 switch 2\n>p1 move energyball\n>p2 move earthquake", "uploadtime": 1685306023, "views": 5, "p1id": "mglacostetn", "p2id": "gareebadani", "formatid": "gen8randombattle", "rating": 1360, "private": 0, "password": ""}