{"id": "gen8randombattle-1873669222", "p1": "seizyre", "p2": "roubroud", "format": "[Gen 8] Random Battle", "log": "|j|\u2606seizyre\n|j|\u2606roubroud\n|t:|1685403740\n|gametype|singles\n|player|p1|seizyre|whitney|\n|player|p2|roubroud|2|\n|teamsize|p1|6\n|teamsize|p2|6\n|gen|8\n|tier|[Gen 8] Random Battle\n|rule|Species Clause: Limit one of each Pok\u00e9mon\n|rule|HP Percentage Mod: HP is shown in percentages\n|rule|Sleep Clause Mod: Limit one foe put to sleep\n|\n|t:|1685403740\n|start\n|switch|p1a: Regieleki|Regieleki, L78|253/253\n|switch|p2a: Melmetal|Melmetal, L74|322/322\n|turn|1\n|\n|t:|1685403754\n|move|p1a: Regieleki|Volt Switch|p2a: Melmetal\n|-damage|p2a: Melmetal|139/322\n|\n|t:|1685403759\n|switch|p1a: Klinklang|Klinklang, L84|238/238|[from] Volt Switch\n|move|p2a: Melmetal|Earthquake|p1a: Klinklang\n|-supereffective|p1a: Klinklang\n|-damage|p1a: Klinklang|124/238\n|\n|-heal|p1a: Klinklang|138/238|[from] item: Leftovers\n|-heal|p2a: Melmetal|159/322|[from] item: Leftovers\n|upkeep\n|turn|2\n|\n|t:|1685403776\n|move|p1a: Klinklang|Wild Charge|p2a: Melmetal\n|-damage|p2a: Melmetal|108/322\n|-damage|p1a: Klinklang|125/238|[from] Recoil\n|move|p2a: Melmetal|Superpower|p1a: Klinklang\n|-supereffective|p1a: Klinklang\n|-damage|p1a: Klinklang|0 fnt\n|-unboost|p2a: Melmetal|atk|1\n|-unboost|p2a: Melmetal|def|1\n|faint|p1a: Klinklang\n|\n|-heal|p2a: Melmetal|128/322|[from] item: Leftovers\n|upkeep\n|c|\u2606seizyre|oh\n|\n|t:|1685403794\n|switch|p1a: Volcarona|Volcarona, L76, M|254/254\n|turn|3\n|\n|t:|1685403805\n|move|p1a: Volcarona|Fire Blast|p2a: Melmetal\n|-supereffective|p2a: Melmetal\n|-damage|p2a: Melmetal|0 fnt\n|faint|p2a: Melmetal\n|\n|upkeep\n|\n|t:|1685403818\n|switch|p2a: Urshifu|Urshifu-Rapid-Strike, L78, M|284/284\n|turn|4\n|c|\u2606seizyre|//!dt water bubble\n|c|\u2606seizyre|shhh\n|c|\u2606roubroud|<\n|\n|t:|1685403864\n|switch|p1a: Basculin|Basculin-Blue-Striped, L86, F|261/261\n|move|p2a: Urshifu|Substitute|p2a: Urshifu\n|-start|p2a: Urshifu|Substitute\n|-damage|p2a: Urshifu|213/284\n|\n|-heal|p2a: Urshifu|230/284|[from] item: Leftovers\n|upkeep\n|turn|5\n|\n|t:|1685403873\n|move|p1a: Basculin|Psychic Fangs|p2a: Urshifu\n|-supereffective|p2a: Urshifu\n|-end|p2a: Urshifu|Substitute\n|move|p2a: Urshifu|Bulk Up|p2a: Urshifu\n|-boost|p2a: Urshifu|atk|1\n|-boost|p2a: Urshifu|def|1\n|\n|-heal|p2a: Urshifu|247/284|[from] item: Leftovers\n|upkeep\n|turn|6\n|\n|t:|1685403877\n|move|p1a: Basculin|Psychic Fangs|p2a: Urshifu\n|-supereffective|p2a: Urshifu\n|-damage|p2a: Urshifu|129/284\n|move|p2a: Urshifu|Drain Punch|p1a: Basculin\n|-damage|p1a: Basculin|90/261\n|-heal|p2a: Urshifu|215/284|[from] drain|[of] p1a: Basculin\n|\n|-heal|p2a: Urshifu|232/284|[from] item: Leftovers\n|upkeep\n|turn|7\n|\n|t:|1685403887\n|move|p1a: Basculin|Psychic Fangs|p2a: Urshifu\n|-supereffective|p2a: Urshifu\n|-damage|p2a: Urshifu|108/284\n|move|p2a: Urshifu|Drain Punch|p1a: Basculin\n|-damage|p1a: Basculin|0 fnt\n|-heal|p2a: Urshifu|153/284|[from] drain|[of] p1a: Basculin\n|faint|p1a: Basculin\n|\n|-heal|p2a: Urshifu|170/284|[from] item: Leftovers\n|upkeep\n|\n|t:|1685403900\n|switch|p1a: Regieleki|Regieleki, L78|253/253\n|turn|8\n|\n|t:|1685403913\n|switch|p2a: Entei|Entei, L78|307/307\n|move|p1a: Regieleki|Thunderbolt|p2a: Entei\n|-damage|p2a: Entei|117/307\n|\n|upkeep\n|turn|9\n|c|\u2606roubroud|i got\n|\n|t:|1685403927\n|move|p2a: Entei|Extreme Speed|p1a: Regieleki\n|-damage|p1a: Regieleki|113/253\n|move|p1a: Regieleki|Volt Switch|p2a: Entei\n|-damage|p2a: Entei|0 fnt\n|faint|p2a: Entei\n|c|\u2606roubroud|a lot of legendaroes\n|\n|t:|1685403935\n|switch|p1a: Araquanid|Araquanid, L80, F|240/240|[from] Volt Switch\n|\n|upkeep\n|\n|t:|1685403946\n|switch|p2a: Togekiss|Togekiss, L80, M|267/267\n|turn|10\n|\n|t:|1685403951\n|move|p2a: Togekiss|Air Slash|p1a: Araquanid\n|-supereffective|p1a: Araquanid\n|-damage|p1a: Araquanid|118/240\n|cant|p1a: Araquanid|flinch\n|\n|upkeep\n|turn|11\n|c|\u2606seizyre|oh\n|\n|t:|1685403970\n|move|p2a: Togekiss|Air Slash|p1a: Araquanid\n|-supereffective|p1a: Araquanid\n|-damage|p1a: Araquanid|0 fnt\n|faint|p1a: Araquanid\n|\n|upkeep\n|c|\u2606roubroud|its like a 60 percent chance dont trip\n|c|\u2606seizyre|oh serene grace\n|\n|t:|1685403995\n|switch|p1a: Regieleki|Regieleki, L78|113/253\n|turn|12\n|c|\u2606roubroud|yeah\n|\n|t:|1685404001\n|switch|p2a: Urshifu|Urshifu-Rapid-Strike, L78, M|170/284\n|move|p1a: Regieleki|Thunderbolt|p2a: Urshifu\n|-supereffective|p2a: Urshifu\n|-damage|p2a: Urshifu|0 fnt\n|faint|p2a: Urshifu\n|\n|upkeep\n|\n|t:|1685404013\n|switch|p2a: Tauros|Tauros, L82, M|257/257\n|turn|13\n|\n|t:|1685404018\n|switch|p1a: Volcarona|Volcarona, L76, M|254/254\n|move|p2a: Tauros|Body Slam|p1a: Volcarona\n|-damage|p1a: Volcarona|63/254\n|\n|upkeep\n|turn|14\n|\n|t:|1685404030\n|move|p2a: Tauros|Body Slam|p1a: Volcarona\n|-damage|p1a: Volcarona|0 fnt\n|faint|p1a: Volcarona\n|\n|upkeep\n|\n|t:|1685404035\n|switch|p1a: Sylveon|Sylveon, L84, M|297/297\n|turn|15\n|c|\u2606seizyre|WHAT HAPEPEND OT GFLAME BODY\n|c|\u2606roubroud|its only 30 percent\n|c|\u2606seizyre|oh its a chance thing\n|c|\u2606seizyre|fuck\n|\n|t:|1685404057\n|move|p2a: Tauros|Body Slam|p1a: Sylveon\n|-damage|p1a: Sylveon|120/297\n|move|p1a: Sylveon|Calm Mind|p1a: Sylveon\n|-boost|p1a: Sylveon|spa|1\n|-boost|p1a: Sylveon|spd|1\n|\n|-heal|p1a: Sylveon|138/297|[from] item: Leftovers\n|upkeep\n|turn|16\n|c|\u2606roubroud|!dt flame body\n|raw|<ul class=\"utilichart\"><li class=\"result\"><span class=\"col namecol\"><a href=\"https://dex.pokemonshowdown.com/abilities/flamebody\">Flame Body</a></span> <span class=\"col abilitydesccol\">30% chance a Pokemon making contact with this Pokemon will be burned.</span> </li><li style=\"clear:both\"></li></ul>\n|raw|<font size=\"1\"><font color=\"#686868\">Gen:</font> 3</font>\n\n|c|\u2606seizyre|yikes\n|\n|t:|1685404072\n|move|p2a: Tauros|Body Slam|p1a: Sylveon\n|-damage|p1a: Sylveon|0 fnt\n|faint|p1a: Sylveon\n|\n|upkeep\n|\n|t:|1685404075\n|switch|p1a: Regieleki|Regieleki, L78|113/253\n|turn|17\n|c|\u2606seizyre|gg\n|\n|t:|1685404081\n|-start|p2a: Tauros|Dynamax|\n|-heal|p2a: Tauros|514/514|[silent]\n|move|p1a: Regieleki|Thunderbolt|p2a: Tauros\n|-damage|p2a: Tauros|340/514\n|move|p2a: Tauros|Max Strike|p1a: Regieleki\n|-damage|p1a: Regieleki|0 fnt\n|faint|p1a: Regieleki\n|-damage|p2a: Tauros|315/514|[from] item: Life Orb\n|\n|win|roubroud\n|c|\u2606roubroud|gg\n|c|\u2606seizyre|i forgot to dynamax icl\n|c|\u2606roubroud|tears\n", "inputlog": ">version 6fec31d5a0d4498a06105aa188c9906bc0b6bf95\n>start {\"formatid\":\"gen8randombattle\",\"seed\":[38310,5608,60018,804]}\n>player p1 {\"name\":\"seizyre\",\"avatar\":\"whitney\",\"rating\":0,\"seed\":[34861,61136,49408,24117]}\n>player p2 {\"name\":\"roubroud\",\"avatar\":\"2\",\"rating\":0,\"seed\":[57517,58975,48073,7829]}\n>p1 move voltswitch\n>p2 move earthquake\n>p1 switch 6\n>p1 move wildcharge\n>p2 move superpower\n>chat \u2606seizyre|oh\n>p1 switch 2\n>p1 move fireblast\n>p2 move thunderwave\n>p2 switch 3\n>chat \u2606seizyre|//!dt water bubble\n>chat \u2606seizyre|shhh\n>chat \u2606roubroud|<\n>p1 switch 4\n>p2 move substitute\n>p1 move psychicfangs\n>p2 move bulkup\n>p1 move psychicfangs\n>p2 move drainpunch\n>p1 move psychicfangs\n>p2 move drainpunch\n>p1 switch 6\n>p1 move thunderbolt\n>p2 switch 2\n>chat \u2606roubroud|i got\n>p1 move voltswitch\n>p2 move extremespeed\n>chat \u2606roubroud|a lot of legendaroes\n>p1 switch 5\n>p2 switch 5\n>p1 move stickyweb\n>p2 move airslash\n>chat \u2606seizyre|oh\n>p1 move leechlife\n>p2 move airslash\n>chat \u2606roubroud|its like a 60 percent chance dont trip\n>chat \u2606seizyre|oh serene grace\n>p1 switch 5\n>chat \u2606roubroud|yeah\n>p1 move thunderbolt\n>p2 switch 2\n>p2 switch 4\n>p1 switch 4\n>p2 move bodyslam\n>p1 move roost\n>p2 move bodyslam\n>p1 switch 3\n>chat \u2606seizyre|WHAT HAPEPEND OT GFLAME BODY\n>chat \u2606roubroud|its only 30 percent\n>chat \u2606seizyre|oh its a chance thing\n>chat \u2606seizyre|fuck\n>p1 move calmmind\n>p2 move bodyslam\n>chat \u2606roubroud|!dt flame body\n>chat \u2606seizyre|yikes\n>p1 move wish\n>p2 move bodyslam\n>p1 switch 4\n>chat \u2606seizyre|gg\n>p1 move thunderbolt\n>p2 move bodyslam dynamax", "uploadtime": 1685404102, "views": 6, "p1id": "seizyre", "p2id": "roubroud", "formatid": "gen8randombattle", "rating": 0, "private": 0, "password": ""}