{"id": "gen8randombattle-1872897643", "p1": "Darkrai1717", "p2": "Drak4y", "format": "[Gen 8] Random Battle", "log": "|j|\u2606Darkrai1717\n|j|\u2606Drak4y\n|t:|1685298243\n|gametype|singles\n|player|p1|Darkrai1717|265|\n|player|p2|Drak4y|scientistf|\n|teamsize|p1|6\n|teamsize|p2|6\n|gen|8\n|tier|[Gen 8] Random Battle\n|rule|Species Clause: Limit one of each Pok\u00e9mon\n|rule|HP Percentage Mod: HP is shown in percentages\n|rule|Sleep Clause Mod: Limit one foe put to sleep\n|\n|t:|1685298243\n|start\n|switch|p1a: Weezing|Weezing-Galar, L86, F|252/252\n|switch|p2a: Dragapult|Dragapult, L78, M|265/265\n|-ability|p1a: Weezing|Neutralizing Gas\n|turn|1\n|j| Iamsleep\n|c| Iamsleep|Good luck\n|c|\u2606Darkrai1717|GL HF\n|j| 5attab\n|c|\u2606Drak4y|Welcome to the last round\n|c|\u2606Drak4y|Drak vs Dark\n|c|\u2606Drak4y|Totally different names\n|\n|t:|1685298327\n|switch|p2a: Terrakion|Terrakion, L78|270/270\n|move|p1a: Weezing|Will-O-Wisp|p2a: Terrakion\n|-status|p2a: Terrakion|brn\n|\n|-damage|p2a: Terrakion|254/270 brn|[from] brn\n|upkeep\n|turn|2\n|\n|t:|1685298364\n|-end|p1a: Weezing|ability: Neutralizing Gas\n|switch|p1a: Gourgeist|Gourgeist, L84, F|246/246\n|-item|p2a: Terrakion|Life Orb|[from] ability: Frisk|[of] p1a: Gourgeist|[identify]\n|move|p2a: Terrakion|Earthquake|p1a: Gourgeist\n|-resisted|p1a: Gourgeist\n|-damage|p1a: Gourgeist|228/246\n|-damage|p2a: Terrakion|227/270 brn|[from] item: Life Orb\n|\n|-heal|p1a: Gourgeist|243/246|[from] item: Leftovers\n|-damage|p2a: Terrakion|211/270 brn|[from] brn\n|upkeep\n|turn|3\n|\n|t:|1685298411\n|move|p2a: Terrakion|Stone Edge|p1a: Gourgeist\n|-damage|p1a: Gourgeist|179/246\n|-damage|p2a: Terrakion|184/270 brn|[from] item: Life Orb\n|move|p1a: Gourgeist|Poltergeist|p2a: Terrakion\n|-activate|p2a: Terrakion|move: Poltergeist|Life Orb\n|-damage|p2a: Terrakion|67/270 brn\n|\n|-heal|p1a: Gourgeist|194/246|[from] item: Leftovers\n|-damage|p2a: Terrakion|51/270 brn|[from] brn\n|upkeep\n|turn|4\n|\n|t:|1685298447\n|move|p2a: Terrakion|Stone Edge|p1a: Gourgeist\n|-damage|p1a: Gourgeist|133/246\n|-damage|p2a: Terrakion|24/270 brn|[from] item: Life Orb\n|move|p1a: Gourgeist|Synthesis|p1a: Gourgeist\n|-heal|p1a: Gourgeist|246/246\n|\n|-damage|p2a: Terrakion|8/270 brn|[from] brn\n|upkeep\n|turn|5\n|\n|t:|1685298471\n|move|p2a: Terrakion|Stone Edge|p1a: Gourgeist\n|-damage|p1a: Gourgeist|188/246\n|-damage|p2a: Terrakion|0 fnt|[from] item: Life Orb\n|faint|p2a: Terrakion\n|move|p1a: Gourgeist|Synthesis|p1a: Gourgeist\n|-heal|p1a: Gourgeist|246/246\n|\n|upkeep\n|\n|t:|1685298479\n|switch|p2a: Noctowl|Noctowl, L88, F|319/319\n|turn|6\n|\n|t:|1685298496\n|switch|p1a: Wailord|Wailord, L90, F|452/452\n|move|p2a: Noctowl|Heat Wave|p1a: Wailord\n|-resisted|p1a: Wailord\n|-damage|p1a: Wailord|358/452\n|\n|upkeep\n|turn|7\n|\n|t:|1685298508\n|move|p2a: Noctowl|Hurricane|p1a: Wailord\n|-damage|p1a: Wailord|195/452\n|move|p1a: Wailord|Ice Beam|p2a: Noctowl\n|-supereffective|p2a: Noctowl\n|-damage|p2a: Noctowl|127/319\n|\n|upkeep\n|turn|8\n|\n|t:|1685298517\n|move|p2a: Noctowl|Hurricane|p1a: Wailord|[miss]\n|-miss|p2a: Noctowl|p1a: Wailord\n|move|p1a: Wailord|Ice Beam|p2a: Noctowl\n|-supereffective|p2a: Noctowl\n|-damage|p2a: Noctowl|0 fnt\n|faint|p2a: Noctowl\n|\n|upkeep\n|c|\u2606Drak4y|Noo missed\n|c|\u2606Darkrai1717|F\n|\n|t:|1685298534\n|switch|p2a: Politoed|Politoed, L86, F|295/295\n|-weather|RainDance|[from] ability: Drizzle|[of] p2a: Politoed\n|turn|9\n|\n|t:|1685298566\n|switch|p1a: Ferrothorn|Ferrothorn, L78, M|244/244\n|move|p2a: Politoed|Scald|p1a: Ferrothorn\n|-resisted|p1a: Ferrothorn\n|-damage|p1a: Ferrothorn|188/244\n|\n|-weather|RainDance|[upkeep]\n|-heal|p1a: Ferrothorn|203/244|[from] item: Leftovers\n|upkeep\n|turn|10\n|\n|t:|1685298589\n|switch|p2a: Marowak|Marowak, L86, M|243/243\n|move|p1a: Ferrothorn|Spikes|p2a: Marowak\n|-sidestart|p2: Drak4y|Spikes\n|\n|-weather|RainDance|[upkeep]\n|-heal|p1a: Ferrothorn|218/244|[from] item: Leftovers\n|upkeep\n|turn|11\n|\n|t:|1685298616\n|move|p2a: Marowak|Earthquake|p1a: Ferrothorn\n|-damage|p1a: Ferrothorn|64/244\n|move|p1a: Ferrothorn|Spikes|p2a: Marowak\n|-sidestart|p2: Drak4y|Spikes\n|\n|-weather|RainDance|[upkeep]\n|-heal|p1a: Ferrothorn|79/244|[from] item: Leftovers\n|upkeep\n|turn|12\n|\n|t:|1685298626\n|switch|p1a: Gourgeist|Gourgeist, L84, F|246/246\n|-item|p2a: Marowak|Thick Club|[from] ability: Frisk|[of] p1a: Gourgeist|[identify]\n|move|p2a: Marowak|Earthquake|p1a: Gourgeist\n|-resisted|p1a: Gourgeist\n|-damage|p1a: Gourgeist|171/246\n|\n|-weather|RainDance|[upkeep]\n|-heal|p1a: Gourgeist|186/246|[from] item: Leftovers\n|upkeep\n|turn|13\n|\n|t:|1685298639\n|move|p1a: Gourgeist|Power Whip|p2a: Marowak\n|-supereffective|p2a: Marowak\n|-damage|p2a: Marowak|33/243\n|move|p2a: Marowak|Stone Edge|p1a: Gourgeist\n|-damage|p1a: Gourgeist|89/246\n|\n|-weather|none\n|-heal|p1a: Gourgeist|104/246|[from] item: Leftovers\n|upkeep\n|turn|14\n|\n|t:|1685298657\n|move|p1a: Gourgeist|Synthesis|p1a: Gourgeist\n|-heal|p1a: Gourgeist|227/246\n|move|p2a: Marowak|Stone Edge|p1a: Gourgeist\n|-damage|p1a: Gourgeist|121/246\n|\n|-heal|p1a: Gourgeist|136/246|[from] item: Leftovers\n|upkeep\n|turn|15\n|\n|t:|1685298670\n|move|p1a: Gourgeist|Poltergeist|p2a: Marowak\n|-activate|p2a: Marowak|move: Poltergeist|Thick Club\n|-damage|p2a: Marowak|0 fnt\n|faint|p2a: Marowak\n|\n|-heal|p1a: Gourgeist|151/246|[from] item: Leftovers\n|upkeep\n|\n|t:|1685298680\n|switch|p2a: Dragapult|Dragapult, L78, M|265/265\n|-damage|p2a: Dragapult|221/265|[from] Spikes\n|turn|16\n|\n|t:|1685298706\n|switch|p1a: Weezing|Weezing-Galar, L86, F|252/252\n|-ability|p1a: Weezing|Neutralizing Gas\n|move|p2a: Dragapult|Fire Blast|p1a: Weezing\n|-damage|p1a: Weezing|142/252\n|-status|p1a: Weezing|brn\n|\n|-heal|p1a: Weezing|157/252 brn|[from] item: Black Sludge\n|-damage|p1a: Weezing|142/252 brn|[from] brn\n|upkeep\n|turn|17\n|\n|t:|1685298729\n|switch|p2a: Politoed|Politoed, L86, F|295/295\n|-damage|p2a: Politoed|246/295|[from] Spikes\n|move|p1a: Weezing|Strange Steam|p2a: Politoed\n|-damage|p2a: Politoed|167/295\n|\n|-heal|p1a: Weezing|157/252 brn|[from] item: Black Sludge\n|-damage|p1a: Weezing|142/252 brn|[from] brn\n|upkeep\n|turn|18\n|c|\u2606Drak4y|My team is shit\n|\n|t:|1685298760\n|-end|p1a: Weezing|ability: Neutralizing Gas\n|-weather|RainDance|[from] ability: Drizzle|[of] p2a: Politoed\n|switch|p1a: Ferrothorn|Ferrothorn, L78, M|79/244\n|move|p2a: Politoed|Ice Beam|p1a: Ferrothorn\n|-damage|p1a: Ferrothorn|22/244\n|\n|-weather|RainDance|[upkeep]\n|-heal|p1a: Ferrothorn|37/244|[from] item: Leftovers\n|upkeep\n|turn|19\n|\n|t:|1685298800\n|switch|p1a: Snorlax|Snorlax, L82, M|397/397\n|move|p2a: Politoed|Ice Beam|p1a: Snorlax\n|-damage|p1a: Snorlax|370/397\n|\n|-weather|RainDance|[upkeep]\n|upkeep\n|turn|20\n|\n|t:|1685298817\n|move|p2a: Politoed|Scald|p1a: Snorlax\n|-damage|p1a: Snorlax|252/397\n|move|p1a: Snorlax|Earthquake|p2a: Politoed\n|-damage|p2a: Politoed|45/295\n|\n|-weather|RainDance|[upkeep]\n|upkeep\n|turn|21\n|\n|t:|1685298827\n|move|p2a: Politoed|Rest|p2a: Politoed\n|-status|p2a: Politoed|slp|[from] move: Rest\n|-heal|p2a: Politoed|295/295 slp|[silent]\n|-enditem|p2a: Politoed|Chesto Berry|[eat]\n|-curestatus|p2a: Politoed|slp|[msg]\n|move|p1a: Snorlax|Earthquake|p2a: Politoed\n|-crit|p2a: Politoed\n|-damage|p2a: Politoed|107/295\n|\n|-weather|RainDance|[upkeep]\n|upkeep\n|turn|22\n|c|\u2606Darkrai1717|oh nice crit\n|\n|t:|1685298843\n|move|p2a: Politoed|Scald|p1a: Snorlax\n|-damage|p1a: Snorlax|152/397\n|-status|p1a: Snorlax|brn\n|move|p1a: Snorlax|Earthquake|p2a: Politoed\n|-damage|p2a: Politoed|49/295\n|\n|-weather|none\n|-damage|p1a: Snorlax|128/397 brn|[from] brn\n|upkeep\n|turn|23\n|\n|t:|1685298855\n|move|p2a: Politoed|Rest|p2a: Politoed\n|-status|p2a: Politoed|slp|[from] move: Rest\n|-heal|p2a: Politoed|295/295 slp|[silent]\n|move|p1a: Snorlax|Earthquake|p2a: Politoed\n|-damage|p2a: Politoed|232/295 slp\n|\n|-damage|p1a: Snorlax|104/397 brn|[from] brn\n|upkeep\n|turn|24\n|\n|t:|1685298870\n|switch|p1a: Ferrothorn|Ferrothorn, L78, M|37/244\n|cant|p2a: Politoed|slp\n|\n|-heal|p1a: Ferrothorn|52/244|[from] item: Leftovers\n|upkeep\n|turn|25\n|\n|t:|1685298884\n|cant|p2a: Politoed|slp\n|move|p1a: Ferrothorn|Power Whip|p2a: Politoed\n|-supereffective|p2a: Politoed\n|-damage|p2a: Politoed|0 fnt\n|faint|p2a: Politoed\n|\n|-heal|p1a: Ferrothorn|67/244|[from] item: Leftovers\n|upkeep\n|\n|t:|1685298895\n|switch|p2a: Dragapult|Dragapult, L78, M|221/265\n|-damage|p2a: Dragapult|177/265|[from] Spikes\n|turn|26\n|\n|t:|1685298911\n|switch|p1a: Wailord|Wailord, L90, F|195/452\n|move|p2a: Dragapult|Fire Blast|p1a: Wailord\n|-resisted|p1a: Wailord\n|-damage|p1a: Wailord|112/452\n|\n|upkeep\n|turn|27\n|\n|t:|1685298920\n|move|p2a: Dragapult|Fire Blast|p1a: Wailord\n|-resisted|p1a: Wailord\n|-damage|p1a: Wailord|37/452\n|move|p1a: Wailord|Ice Beam|p2a: Dragapult\n|-supereffective|p2a: Dragapult\n|-damage|p2a: Dragapult|0 fnt\n|faint|p2a: Dragapult\n|\n|upkeep\n|\n|t:|1685298929\n|switch|p2a: Dracovish|Dracovish, L80|275/275\n|-damage|p2a: Dracovish|230/275|[from] Spikes\n|turn|28\n|c| 5attab|fishious rend sweep?\n|c|\u2606Drak4y|All my team was weak\n|c| Iamsleep|depends, is it scarfed\n|\n|t:|1685298968\n|switch|p1a: Gourgeist|Gourgeist, L84, F|151/246\n|-item|p2a: Dracovish|Choice Band|[from] ability: Frisk|[of] p1a: Gourgeist|[identify]\n|move|p2a: Dracovish|Ice Fang|p1a: Gourgeist\n|-supereffective|p1a: Gourgeist\n|-damage|p1a: Gourgeist|0 fnt\n|faint|p1a: Gourgeist\n|\n|upkeep\n|c|\u2606Darkrai1717|oh ho?\n|\n|t:|1685298985\n|switch|p1a: Weezing|Weezing-Galar, L86, F|142/252 brn\n|-ability|p1a: Weezing|Neutralizing Gas\n|turn|29\n|c| 5attab|ayo\n|c|\u2606Darkrai1717|you're stuck on ice fang now nice\n|\n|t:|1685298998\n|move|p2a: Dracovish|Ice Fang|p1a: Weezing\n|-damage|p1a: Weezing|93/252 brn\n|move|p1a: Weezing|Will-O-Wisp|p2a: Dracovish|[miss]\n|-miss|p1a: Weezing|p2a: Dracovish\n|\n|-heal|p1a: Weezing|108/252 brn|[from] item: Black Sludge\n|-damage|p1a: Weezing|93/252 brn|[from] brn\n|upkeep\n|turn|30\n|c|\u2606Drak4y|You already had a fairy poke\n|\n|t:|1685299012\n|move|p2a: Dracovish|Ice Fang|p1a: Weezing\n|-damage|p1a: Weezing|43/252 brn\n|cant|p1a: Weezing|flinch\n|\n|-heal|p1a: Weezing|58/252 brn|[from] item: Black Sludge\n|-damage|p1a: Weezing|43/252 brn|[from] brn\n|upkeep\n|turn|31\n|c| Iamsleep|oh ?\n|\n|t:|1685299022\n|move|p2a: Dracovish|Ice Fang|p1a: Weezing\n|-damage|p1a: Weezing|0 fnt\n|faint|p1a: Weezing\n|-end|p1a: Weezing|ability: Neutralizing Gas\n|\n|upkeep\n|\n|t:|1685299034\n|switch|p1a: Wailord|Wailord, L90, F|37/452\n|turn|32\n|c| 5attab|the dracovish strat\n|\n|t:|1685299041\n|move|p2a: Dracovish|Ice Fang|p1a: Wailord\n|-resisted|p1a: Wailord\n|-damage|p1a: Wailord|0 fnt\n|faint|p1a: Wailord\n|\n|upkeep\n|\n|t:|1685299048\n|switch|p1a: Mewtwo|Mewtwo, L72|272/272\n|-ability|p1a: Mewtwo|Unnerve\n|turn|33\n|c| Iamsleep|ah\n|c|\u2606Drak4y|Omg she is buffed\n|\n|t:|1685299070\n|move|p1a: Mewtwo|Psystrike|p2a: Dracovish\n|-damage|p2a: Dracovish|119/275\n|move|p2a: Dracovish|Ice Fang|p1a: Mewtwo\n|-damage|p1a: Mewtwo|177/272\n|\n|-heal|p1a: Mewtwo|194/272|[from] item: Leftovers\n|upkeep\n|turn|34\n|\n|t:|1685299080\n|move|p1a: Mewtwo|Shadow Ball|p2a: Dracovish\n|-damage|p2a: Dracovish|53/275\n|move|p2a: Dracovish|Ice Fang|p1a: Mewtwo\n|-damage|p1a: Mewtwo|96/272\n|\n|-heal|p1a: Mewtwo|113/272|[from] item: Leftovers\n|upkeep\n|turn|35\n|\n|t:|1685299089\n|move|p1a: Mewtwo|Psystrike|p2a: Dracovish\n|-damage|p2a: Dracovish|0 fnt\n|faint|p2a: Dracovish\n|\n|win|Darkrai1717\n|c|\u2606Darkrai1717|GG\n|c| Iamsleep|gg\n|c| 5attab|gg tough match\n|c|\u2606Drak4y|Why you didn't send the grass poke?\n|c|\u2606Drak4y|Like dracovish is water\n|c|\u2606Darkrai1717|slower\n", "inputlog": ">version d74822bbc74c095aa312053f7034baee3068d99e\n>start {\"formatid\":\"gen8randombattle\",\"seed\":[21500,59159,1509,11501]}\n>player p1 {\"name\":\"Darkrai1717\",\"avatar\":\"265\",\"rating\":0,\"seed\":[8848,22575,62470,58589]}\n>player p2 {\"name\":\"Drak4y\",\"avatar\":\"scientistf\",\"rating\":0,\"seed\":[42698,55938,37725,12890]}\n>chat  Iamsleep|Good luck\n>chat \u2606Darkrai1717|GL HF\n>chat \u2606Drak4y|Welcome to the last round\n>chat \u2606Drak4y|Drak vs Dark\n>chat \u2606Drak4y|Totally different names\n>p1 move willowisp\n>p2 switch 4\n>p1 switch 2\n>p2 move earthquake\n>p1 move poltergeist\n>p2 move stoneedge\n>p1 move synthesis\n>p2 move stoneedge\n>p1 move synthesis\n>p2 move stoneedge\n>p2 switch 3\n>p1 switch 6\n>p2 move heatwave\n>p1 move icebeam\n>p2 move hurricane\n>p1 move icebeam\n>p2 move hurricane\n>chat \u2606Drak4y|Noo missed\n>chat \u2606Darkrai1717|F\n>p2 switch 2\n>p1 switch 5\n>p2 move scald\n>p1 move spikes\n>p2 switch 6\n>p1 move spikes\n>p2 move earthquake\n>p1 switch 6\n>p2 move earthquake\n>p1 move powerwhip\n>p2 move stoneedge\n>p1 move synthesis\n>p2 move stoneedge\n>p1 move poltergeist\n>p2 move stoneedge\n>p2 switch 4\n>p1 switch 2\n>p2 move fireblast\n>p1 move strangesteam\n>p2 switch 6\n>chat \u2606Drak4y|My team is shit\n>p1 switch 6\n>p2 move icebeam\n>p1 switch 4\n>p2 move icebeam\n>p1 move earthquake\n>p2 move scald\n>p1 move earthquake\n>p2 move rest\n>chat \u2606Darkrai1717|oh nice crit\n>p1 move earthquake\n>p2 move scald\n>p1 move earthquake\n>p2 move rest\n>p1 switch 4\n>p2 move rest\n>p1 move powerwhip\n>p2 move icebeam\n>p2 switch 6\n>p1 switch 5\n>p2 move fireblast\n>p1 move icebeam\n>p2 move fireblast\n>p2 switch 5\n>chat  5attab|fishious rend sweep?\n>chat \u2606Drak4y|All my team was weak\n>chat  Iamsleep|depends, is it scarfed\n>p1 switch 2\n>p2 move icefang\n>chat \u2606Darkrai1717|oh ho?\n>p1 switch 6\n>chat  5attab|ayo\n>chat \u2606Darkrai1717|you're stuck on ice fang now nice\n>p1 move willowisp\n>p2 move icefang\n>chat \u2606Drak4y|You already had a fairy poke\n>p1 move willowisp\n>p2 move icefang\n>chat  Iamsleep|oh ?\n>p1 move painsplit\n>p2 move icefang\n>p1 switch 2\n>chat  5attab|the dracovish strat\n>p1 move icebeam\n>p2 move icefang\n>p1 switch 3\n>chat  Iamsleep|ah\n>chat \u2606Drak4y|Omg she is buffed\n>p1 move psystrike\n>p2 move icefang\n>p1 move shadowball\n>p2 move icefang\n>p1 move psystrike\n>p2 move icefang", "uploadtime": 1685299123, "views": 2, "p1id": "darkrai1717", "p2id": "drak4y", "formatid": "gen8randombattle", "rating": 0, "private": 0, "password": ""}