{"id": "gen8randombattle-1304977087", "p1": "ezws", "p2": "ChillShadow", "format": "[Gen 8] Random Battle", "log": "|j|\u2606ezws\n|j|\u2606ChillShadow\n|t:|1616194434\n|player|p1|ezws|youngster-gen4|2435\n|player|p2|ChillShadow|265|2405\n|teamsize|p1|6\n|teamsize|p2|6\n|gametype|singles\n|gen|8\n|tier|[Gen 8] Random Battle\n|rated|\n|rule|Species Clause: Limit one of each Pok\u00e9mon\n|rule|HP Percentage Mod: HP is shown in percentages\n|rule|Sleep Clause Mod: Limit one foe put to sleep\n|\n|t:|1616194434\n|start\n|switch|p1a: Audino|Audino, L88, M|325/325\n|switch|p2a: Kyogre|Kyogre, L72|263/263\n|-weather|RainDance|[from] ability: Drizzle|[of] p2a: Kyogre\n|turn|1\n|j| KingoftheYear\n|\n|t:|1616194457\n|switch|p2a: Stakataka|Stakataka, L80|229/229\n|move|p1a: Audino|Knock Off|p2a: Stakataka\n|-damage|p2a: Stakataka|199/229\n|-enditem|p2a: Stakataka|Choice Band|[from] move: Knock Off|[of] p1a: Audino\n|\n|-weather|RainDance|[upkeep]\n|upkeep\n|turn|2\n|inactive|Battle timer is ON: inactive players will automatically lose when time's up. (requested by ChillShadow)\n|\n|t:|1616194498\n|switch|p1a: Kyogre|Kyogre, L72|263/263\n|move|p2a: Stakataka|Body Press|p1a: Kyogre\n|-damage|p1a: Kyogre|144/263\n|\n|-weather|RainDance|[upkeep]\n|-heal|p1a: Kyogre|160/263|[from] item: Leftovers\n|upkeep\n|turn|3\n|\n|t:|1616194511\n|switch|p2a: Calyrex|Calyrex, L90|326/326\n|-ability|p2a: Calyrex|Unnerve|p1: ezws\n|move|p1a: Kyogre|Thunder|p2a: Calyrex\n|-resisted|p2a: Calyrex\n|-damage|p2a: Calyrex|284/326\n|\n|-weather|RainDance|[upkeep]\n|-heal|p2a: Calyrex|304/326|[from] item: Leftovers\n|-heal|p1a: Kyogre|176/263|[from] item: Leftovers\n|upkeep\n|turn|4\n|\n|t:|1616194532\n|switch|p1a: Decidueye|Decidueye, L86, F|274/274\n|move|p2a: Calyrex|Substitute|p2a: Calyrex\n|-start|p2a: Calyrex|Substitute\n|-damage|p2a: Calyrex|223/326\n|\n|-weather|RainDance|[upkeep]\n|-heal|p2a: Calyrex|243/326|[from] item: Leftovers\n|upkeep\n|turn|5\n|\n|t:|1616194538\n|move|p2a: Calyrex|Psyshock|p1a: Decidueye\n|-damage|p1a: Decidueye|177/274\n|move|p1a: Decidueye|Swords Dance|p1a: Decidueye\n|-boost|p1a: Decidueye|atk|2\n|\n|-weather|none\n|-heal|p2a: Calyrex|263/326|[from] item: Leftovers\n|upkeep\n|turn|6\n|\n|t:|1616194543\n|move|p2a: Calyrex|Psyshock|p1a: Decidueye\n|-damage|p1a: Decidueye|86/274\n|move|p1a: Decidueye|Roost|p1a: Decidueye\n|-heal|p1a: Decidueye|223/274\n|-singleturn|p1a: Decidueye|move: Roost\n|\n|-heal|p2a: Calyrex|283/326|[from] item: Leftovers\n|upkeep\n|turn|7\n|\n|t:|1616194548\n|switch|p2a: Yveltal|Yveltal, L72|300/300\n|-ability|p2a: Yveltal|Dark Aura\n|move|p1a: Decidueye|Leaf Blade|p2a: Yveltal\n|-resisted|p2a: Yveltal\n|-damage|p2a: Yveltal|182/300\n|\n|upkeep\n|turn|8\n|\n|t:|1616194555\n|switch|p1a: Coalossal|Coalossal, L86, M|329/329\n|move|p2a: Yveltal|Knock Off|p1a: Coalossal\n|-damage|p1a: Coalossal|235/329\n|-enditem|p1a: Coalossal|Heavy-Duty Boots|[from] move: Knock Off|[of] p2a: Yveltal\n|\n|upkeep\n|turn|9\n|\n|t:|1616194566\n|switch|p2a: Kyogre|Kyogre, L72|263/263\n|-weather|RainDance|[from] ability: Drizzle|[of] p2a: Kyogre\n|move|p1a: Coalossal|Stealth Rock|p2a: Kyogre\n|-sidestart|p2: ChillShadow|move: Stealth Rock\n|\n|-weather|RainDance|[upkeep]\n|upkeep\n|turn|10\n|l| KingoftheYear\n|\n|t:|1616194596\n|switch|p1a: Latios|Latios, L78, M|253/253\n|move|p2a: Kyogre|Calm Mind|p2a: Kyogre\n|-boost|p2a: Kyogre|spa|1\n|-boost|p2a: Kyogre|spd|1\n|\n|-weather|RainDance|[upkeep]\n|upkeep\n|turn|11\n|\n|t:|1616194599\n|move|p1a: Latios|Calm Mind|p1a: Latios\n|-boost|p1a: Latios|spa|1\n|-boost|p1a: Latios|spd|1\n|move|p2a: Kyogre|Ice Beam|p1a: Latios\n|-supereffective|p1a: Latios\n|-crit|p1a: Latios\n|-damage|p1a: Latios|5/253\n|\n|-weather|RainDance|[upkeep]\n|upkeep\n|turn|12\n|\n|t:|1616194604\n|move|p1a: Latios|Roost|p1a: Latios\n|-heal|p1a: Latios|132/253\n|-singleturn|p1a: Latios|move: Roost\n|move|p2a: Kyogre|Ice Beam|p1a: Latios\n|-supereffective|p1a: Latios\n|-damage|p1a: Latios|10/253\n|\n|-weather|RainDance|[upkeep]\n|upkeep\n|turn|13\n|c|\u2606ezws|sigh lol\n|\n|t:|1616194616\n|move|p1a: Latios|Roost|p1a: Latios\n|-heal|p1a: Latios|137/253\n|-singleturn|p1a: Latios|move: Roost\n|move|p2a: Kyogre|Ice Beam|p1a: Latios\n|-supereffective|p1a: Latios\n|-damage|p1a: Latios|21/253\n|\n|-weather|none\n|upkeep\n|turn|14\n|\n|t:|1616194636\n|move|p1a: Latios|Psyshock|p2a: Kyogre\n|-damage|p2a: Kyogre|73/263\n|move|p2a: Kyogre|Ice Beam|p1a: Latios\n|-supereffective|p1a: Latios\n|-damage|p1a: Latios|0 fnt\n|faint|p1a: Latios\n|\n|-heal|p2a: Kyogre|89/263|[from] item: Leftovers\n|upkeep\n|inactive|ezws has 120 seconds left.\n|\n|t:|1616194654\n|switch|p1a: Audino|Audino, L88, M|325/325\n|turn|15\n|\n|t:|1616194659\n|move|p2a: Kyogre|Origin Pulse|p1a: Audino\n|-damage|p1a: Audino|145/325\n|move|p1a: Audino|Knock Off|p2a: Kyogre\n|-damage|p2a: Kyogre|22/263\n|-enditem|p2a: Kyogre|Leftovers|[from] move: Knock Off|[of] p1a: Audino\n|\n|-heal|p1a: Audino|165/325|[from] item: Leftovers\n|upkeep\n|turn|16\n|\n|t:|1616194664\n|move|p1a: Audino|Protect|p1a: Audino\n|-singleturn|p1a: Audino|Protect\n|move|p2a: Kyogre|Calm Mind|p2a: Kyogre\n|-boost|p2a: Kyogre|spa|1\n|-boost|p2a: Kyogre|spd|1\n|\n|-heal|p1a: Audino|185/325|[from] item: Leftovers\n|upkeep\n|turn|17\n|\n|t:|1616194669\n|move|p2a: Kyogre|Origin Pulse|p1a: Audino\n|-damage|p1a: Audino|0 fnt\n|faint|p1a: Audino\n|\n|upkeep\n|\n|t:|1616194674\n|switch|p1a: Kyogre|Kyogre, L72|176/263\n|-weather|RainDance|[from] ability: Drizzle|[of] p1a: Kyogre\n|turn|18\n|\n|t:|1616194677\n|move|p1a: Kyogre|Thunder|p2a: Kyogre\n|-supereffective|p2a: Kyogre\n|-damage|p2a: Kyogre|0 fnt\n|faint|p2a: Kyogre\n|\n|-weather|RainDance|[upkeep]\n|-heal|p1a: Kyogre|192/263|[from] item: Leftovers\n|upkeep\n|\n|t:|1616194681\n|switch|p2a: Calyrex|Calyrex, L90|283/326\n|-ability|p2a: Calyrex|Unnerve|p1: ezws\n|-damage|p2a: Calyrex|243/326|[from] Stealth Rock\n|turn|19\n|\n|t:|1616194691\n|switch|p1a: Armaldo|Armaldo, L86, F|269/269\n|move|p2a: Calyrex|Giga Drain|p1a: Armaldo\n|-damage|p1a: Armaldo|178/269\n|-heal|p2a: Calyrex|289/326|[from] drain|[of] p1a: Armaldo\n|\n|-weather|RainDance|[upkeep]\n|-heal|p2a: Calyrex|309/326|[from] item: Leftovers\n|upkeep\n|turn|20\n|\n|t:|1616194704\n|move|p1a: Armaldo|Knock Off|p2a: Calyrex\n|-supereffective|p2a: Calyrex\n|-damage|p2a: Calyrex|119/326\n|-enditem|p2a: Calyrex|Leftovers|[from] move: Knock Off|[of] p1a: Armaldo\n|move|p2a: Calyrex|Substitute|p2a: Calyrex\n|-start|p2a: Calyrex|Substitute\n|-damage|p2a: Calyrex|38/326\n|\n|-weather|RainDance|[upkeep]\n|upkeep\n|turn|21\n|\n|t:|1616194709\n|move|p1a: Armaldo|Knock Off|p2a: Calyrex\n|-supereffective|p2a: Calyrex\n|-end|p2a: Calyrex|Substitute\n|move|p2a: Calyrex|Giga Drain|p1a: Armaldo\n|-damage|p1a: Armaldo|93/269\n|-heal|p2a: Calyrex|81/326|[from] drain|[of] p1a: Armaldo\n|\n|-weather|RainDance|[upkeep]\n|upkeep\n|turn|22\n|\n|t:|1616194715\n|switch|p2a: Stakataka|Stakataka, L80|199/229\n|-damage|p2a: Stakataka|185/229|[from] Stealth Rock\n|move|p1a: Armaldo|Knock Off|p2a: Stakataka\n|-damage|p2a: Stakataka|155/229\n|\n|-weather|none\n|upkeep\n|turn|23\n|\n|t:|1616194741\n|switch|p2a: Calyrex|Calyrex, L90|81/326\n|-ability|p2a: Calyrex|Unnerve|p1: ezws\n|-damage|p2a: Calyrex|41/326|[from] Stealth Rock\n|move|p1a: Armaldo|Knock Off|p2a: Calyrex\n|-supereffective|p2a: Calyrex\n|-damage|p2a: Calyrex|0 fnt\n|faint|p2a: Calyrex\n|\n|upkeep\n|\n|t:|1616194758\n|switch|p2a: Stakataka|Stakataka, L80|155/229\n|-damage|p2a: Stakataka|141/229|[from] Stealth Rock\n|turn|24\n|\n|t:|1616194763\n|move|p1a: Armaldo|Knock Off|p2a: Stakataka\n|-damage|p2a: Stakataka|109/229\n|move|p2a: Stakataka|Stone Edge|p1a: Armaldo\n|-supereffective|p1a: Armaldo\n|-damage|p1a: Armaldo|0 fnt\n|faint|p1a: Armaldo\n|-ability|p2a: Stakataka|Beast Boost|boost\n|-boost|p2a: Stakataka|def|1\n|\n|upkeep\n|\n|t:|1616194770\n|switch|p1a: Kyogre|Kyogre, L72|192/263\n|-weather|RainDance|[from] ability: Drizzle|[of] p1a: Kyogre\n|turn|25\n|\n|t:|1616194776\n|move|p1a: Kyogre|Origin Pulse|p2a: Stakataka\n|-supereffective|p2a: Stakataka\n|-damage|p2a: Stakataka|0 fnt\n|faint|p2a: Stakataka\n|\n|-weather|RainDance|[upkeep]\n|-heal|p1a: Kyogre|208/263|[from] item: Leftovers\n|upkeep\n|\n|t:|1616194783\n|switch|p2a: Dhelmise|Dhelmise, L86|261/261\n|-damage|p2a: Dhelmise|229/261|[from] Stealth Rock\n|turn|26\n|\n|t:|1616194807\n|switch|p1a: Coalossal|Coalossal, L86, M|235/329\n|-start|p2a: Dhelmise|Dynamax\n|-heal|p2a: Dhelmise|458/522|[silent]\n|move|p2a: Dhelmise|Max Overgrowth|p1a: Coalossal\n|-damage|p1a: Coalossal|93/329\n|-fieldstart|move: Grassy Terrain\n|\n|-weather|RainDance|[upkeep]\n|-heal|p2a: Dhelmise|474/522|[from] Grassy Terrain\n|-heal|p1a: Coalossal|113/329|[from] Grassy Terrain\n|upkeep\n|turn|27\n|inactive|ezws has 120 seconds left.\n|\n|t:|1616194828\n|move|p2a: Dhelmise|Max Quake|p1a: Coalossal\n|-supereffective|p1a: Coalossal\n|-crit|p1a: Coalossal\n|-damage|p1a: Coalossal|0 fnt\n|-boost|p2a: Dhelmise|spd|1\n|faint|p1a: Coalossal\n|\n|-weather|RainDance|[upkeep]\n|-heal|p2a: Dhelmise|490/522|[from] Grassy Terrain\n|upkeep\n|inactive|ezws has 120 seconds left.\n|\n|t:|1616194834\n|switch|p1a: Decidueye|Decidueye, L86, F|223/274\n|turn|28\n|\n|t:|1616194838\n|-start|p1a: Decidueye|Dynamax\n|-heal|p1a: Decidueye|446/548|[silent]\n|move|p1a: Decidueye|Max Guard|p1a: Decidueye\n|-singleturn|p1a: Decidueye|Max Guard\n|move|p2a: Dhelmise|Max Phantasm|p1a: Decidueye\n|-activate|p1a: Decidueye|move: Max Guard\n|\n|-weather|RainDance|[upkeep]\n|-heal|p1a: Decidueye|463/548|[from] Grassy Terrain\n|-heal|p2a: Dhelmise|506/522|[from] Grassy Terrain\n|-end|p2a: Dhelmise|Dynamax\n|-heal|p2a: Dhelmise|253/261|[silent]\n|upkeep\n|turn|29\n|\n|t:|1616194850\n|move|p1a: Decidueye|Max Phantasm|p2a: Dhelmise\n|-supereffective|p2a: Dhelmise\n|-damage|p2a: Dhelmise|0 fnt\n|faint|p2a: Dhelmise\n|\n|-weather|none\n|-heal|p1a: Decidueye|480/548|[from] Grassy Terrain\n|upkeep\n|\n|t:|1616194854\n|switch|p2a: Yveltal|Yveltal, L72|182/300\n|-ability|p2a: Yveltal|Dark Aura\n|turn|30\n|\n|t:|1616194862\n|move|p2a: Yveltal|Oblivion Wing|p1a: Decidueye\n|-supereffective|p1a: Decidueye\n|-damage|p1a: Decidueye|346/548\n|-heal|p2a: Yveltal|283/300|[from] drain|[of] p1a: Decidueye\n|move|p1a: Decidueye|Max Overgrowth|p2a: Yveltal\n|-resisted|p2a: Yveltal\n|-damage|p2a: Yveltal|179/300\n|\n|-heal|p1a: Decidueye|363/548|[from] Grassy Terrain\n|-fieldend|move: Grassy Terrain\n|-end|p1a: Decidueye|Dynamax\n|-heal|p1a: Decidueye|182/274|[silent]\n|upkeep\n|turn|31\n|\n|t:|1616194873\n|move|p2a: Yveltal|Knock Off|p1a: Decidueye\n|-supereffective|p1a: Decidueye\n|-damage|p1a: Decidueye|0 fnt\n|-enditem|p1a: Decidueye|Lum Berry|[from] move: Knock Off|[of] p2a: Yveltal\n|faint|p1a: Decidueye\n|\n|upkeep\n|\n|t:|1616194875\n|switch|p1a: Kyogre|Kyogre, L72|208/263\n|-weather|RainDance|[from] ability: Drizzle|[of] p1a: Kyogre\n|turn|32\n|\n|t:|1616194898\n|move|p2a: Yveltal|Knock Off|p1a: Kyogre\n|-damage|p1a: Kyogre|52/263\n|-enditem|p1a: Kyogre|Leftovers|[from] move: Knock Off|[of] p2a: Yveltal\n|move|p1a: Kyogre|Origin Pulse|p2a: Yveltal\n|-damage|p2a: Yveltal|0 fnt\n|faint|p2a: Yveltal\n|\n|-weather|RainDance|[upkeep]\n|upkeep\n|\n|t:|1616194901\n|switch|p2a: Arctozolt|Arctozolt, L86|295/295\n|-damage|p2a: Arctozolt|222/295|[from] Stealth Rock\n|turn|33\n|\n|t:|1616194907\n|move|p1a: Kyogre|Origin Pulse|p2a: Arctozolt\n|-damage|p2a: Arctozolt|89/295\n|move|p2a: Arctozolt|Bolt Beak|p1a: Kyogre\n|-supereffective|p1a: Kyogre\n|-damage|p1a: Kyogre|0 fnt\n|faint|p1a: Kyogre\n|\n|win|ChillShadow\n|raw|ezws's rating: 2434 &rarr; <strong>2412</strong><br />(-22 for losing)\n|raw|ChillShadow's rating: 2405 &rarr; <strong>2427</strong><br />(+22 for winning)\n|l|\u2606ezws\n", "inputlog": ">version 9bb9b44295a130f681b527ce87703879831201b3\n>start {\"formatid\":\"gen8randombattle\",\"seed\":[3878,8407,29916,3158],\"rated\":\"Rated battle\"}\n>player p1 {\"name\":\"ezws\",\"avatar\":\"youngster-gen4\",\"team\":\"\",\"rating\":2435,\"seed\":[48023,42029,56099,52051]}\n>player p2 {\"name\":\"ChillShadow\",\"avatar\":\"265\",\"team\":\"\",\"rating\":2405,\"seed\":[25759,64503,38094,37777]}\n>p1 move knockoff\n>p2 switch 4\n>p1 switch 5\n>p2 move bodypress\n>p1 move thunder\n>p2 switch 2\n>p1 switch 3\n>p2 move substitute\n>p1 move swordsdance\n>p2 move psyshock\n>p1 move roost\n>p2 move psyshock\n>p1 move leafblade\n>p2 switch 5\n>p1 switch 6\n>p2 move knockoff\n>p1 move stealthrock\n>p2 switch 4\n>p1 switch 4\n>p2 move calmmind\n>p1 move calmmind\n>p2 move icebeam\n>p1 move roost\n>p2 move icebeam\n>chat \u2606ezws|sigh lol\n>p1 move roost\n>p2 move icebeam\n>p1 move psyshock\n>p2 move icebeam\n>p1 switch 5\n>p1 move knockoff\n>p2 move originpulse\n>p1 move protect\n>p2 move calmmind\n>p1 move knockoff\n>p2 move originpulse\n>p1 switch 3\n>p1 move thunder\n>p2 move thunder\n>p2 switch 5\n>p1 switch 2\n>p2 move gigadrain\n>p1 move knockoff\n>p2 move substitute\n>p1 move knockoff\n>p2 move gigadrain\n>p1 move knockoff\n>p2 switch 2\n>p1 move knockoff\n>p2 switch 2\n>p2 switch 2\n>p1 move knockoff\n>p2 move stoneedge\n>p1 switch 2\n>p1 move originpulse\n>p2 move stoneedge\n>p2 switch 3\n>p1 switch 4\n>p2 move powerwhip dynamax\n>p1 move spikes\n>p2 move earthquake dynamax\n>p1 switch 6\n>p1 move swordsdance dynamax\n>p2 move poltergeist dynamax\n>p1 move spiritshackle dynamax\n>p2 move poltergeist\n>p2 switch 4\n>p1 move leafblade dynamax\n>p2 move oblivionwing\n>p1 move swordsdance\n>p2 move knockoff\n>p1 switch 4\n>p1 move originpulse\n>p2 move knockoff\n>p2 switch 6\n>p1 move originpulse\n>p2 move boltbeak", "uploadtime": 1616194921, "views": 79, "p1id": "ezws", "p2id": "chillshadow", "formatid": "gen8randombattle", "rating": 2412, "private": 0, "password": null}