{"id": "gen8randombattle-1865345579", "p1": "waxicompleia", "p2": "santboi", "format": "[Gen 8] Random Battle", "log": "|j|\u2606waxicompleia\n|j|\u2606santboi\n|t:|1684276130\n|gametype|singles\n|player|p1|waxicompleia|backpackerf|\n|player|p2|santboi|guitarist-gen4|\n|teamsize|p1|6\n|teamsize|p2|6\n|gen|8\n|tier|[Gen 8] Random Battle\n|rule|Species Clause: Limit one of each Pok\u00e9mon\n|rule|HP Percentage Mod: HP is shown in percentages\n|rule|Sleep Clause Mod: Limit one foe put to sleep\n|\n|t:|1684276130\n|start\n|switch|p1a: Shiinotic|Shiinotic, L86, F|243/243\n|switch|p2a: Sigilyph|Sigilyph, L83, F|255/255\n|turn|1\n|inactive|Battle timer is ON: inactive players will automatically lose when time's up. (requested by santboi)\n|\n|t:|1684276145\n|switch|p1a: Skuntank|Skuntank, L85, F|314/314\n|move|p2a: Sigilyph|Heat Wave|p1a: Skuntank\n|-damage|p1a: Skuntank|169/314\n|\n|upkeep\n|turn|2\n|\n|t:|1684276153\n|move|p2a: Sigilyph|Heat Wave|p1a: Skuntank\n|-damage|p1a: Skuntank|43/314\n|move|p1a: Skuntank|Crunch|p2a: Sigilyph\n|-supereffective|p2a: Sigilyph\n|-damage|p2a: Sigilyph|0 fnt\n|faint|p2a: Sigilyph\n|-damage|p1a: Skuntank|12/314|[from] item: Life Orb\n|\n|upkeep\n|\n|t:|1684276170\n|switch|p2a: Haxorus|Haxorus, L77, F|244/244\n|-ability|p2a: Haxorus|Mold Breaker\n|turn|3\n|\n|t:|1684276185\n|move|p2a: Haxorus|Poison Jab|p1a: Skuntank\n|-resisted|p1a: Skuntank\n|-damage|p1a: Skuntank|0 fnt\n|-damage|p2a: Haxorus|183/244|[from] ability: Aftermath|[of] p1a: Skuntank\n|faint|p1a: Skuntank\n|-damage|p2a: Haxorus|159/244|[from] item: Life Orb\n|\n|upkeep\n|\n|t:|1684276196\n|switch|p1a: Shiinotic|Shiinotic, L86, F|243/243\n|turn|4\n|\n|t:|1684276204\n|move|p2a: Haxorus|Poison Jab|p1a: Shiinotic\n|-supereffective|p1a: Shiinotic\n|-damage|p1a: Shiinotic|0 fnt\n|faint|p1a: Shiinotic\n|-damage|p2a: Haxorus|135/244|[from] item: Life Orb\n|\n|upkeep\n|\n|t:|1684276213\n|switch|p1a: Ferrothorn|Ferrothorn, L78, F|244/244\n|turn|5\n|\n|t:|1684276218\n|move|p2a: Haxorus|Close Combat|p1a: Ferrothorn\n|-supereffective|p1a: Ferrothorn\n|-damage|p1a: Ferrothorn|52/244\n|-unboost|p2a: Haxorus|def|1\n|-unboost|p2a: Haxorus|spd|1\n|-damage|p2a: Haxorus|105/244|[from] ability: Iron Barbs|[of] p1a: Ferrothorn\n|-damage|p2a: Haxorus|81/244|[from] item: Life Orb\n|move|p1a: Ferrothorn|Leech Seed|p2a: Haxorus\n|-start|p2a: Haxorus|move: Leech Seed\n|\n|-heal|p1a: Ferrothorn|67/244|[from] item: Leftovers\n|-damage|p2a: Haxorus|51/244|[from] Leech Seed|[of] p1a: Ferrothorn\n|-heal|p1a: Ferrothorn|97/244|[silent]\n|upkeep\n|turn|6\n|\n|t:|1684276229\n|move|p1a: Ferrothorn|Protect|p1a: Ferrothorn\n|-singleturn|p1a: Ferrothorn|Protect\n|move|p2a: Haxorus|Close Combat|p1a: Ferrothorn\n|-activate|p1a: Ferrothorn|move: Protect\n|\n|-heal|p1a: Ferrothorn|112/244|[from] item: Leftovers\n|-damage|p2a: Haxorus|21/244|[from] Leech Seed|[of] p1a: Ferrothorn\n|-heal|p1a: Ferrothorn|142/244|[silent]\n|upkeep\n|turn|7\n|\n|t:|1684276248\n|switch|p1a: Garbodor|Garbodor, L87, M|281/281\n|move|p2a: Haxorus|Close Combat|p1a: Garbodor\n|-resisted|p1a: Garbodor\n|-crit|p1a: Garbodor\n|-damage|p1a: Garbodor|186/281\n|-unboost|p2a: Haxorus|def|1\n|-unboost|p2a: Haxorus|spd|1\n|-damage|p2a: Haxorus|0 fnt|[from] item: Life Orb\n|faint|p2a: Haxorus\n|\n|-heal|p1a: Garbodor|203/281|[from] item: Black Sludge\n|upkeep\n|\n|t:|1684276272\n|switch|p2a: Palossand|Palossand, L86, F|286/286\n|turn|8\n|\n|t:|1684276280\n|move|p1a: Garbodor|Toxic Spikes|p2a: Palossand\n|-sidestart|p2: santboi|move: Toxic Spikes\n|move|p2a: Palossand|Earth Power|p1a: Garbodor\n|-supereffective|p1a: Garbodor\n|-crit|p1a: Garbodor\n|-damage|p1a: Garbodor|0 fnt\n|faint|p1a: Garbodor\n|\n|upkeep\n|\n|t:|1684276287\n|switch|p1a: Milotic|Milotic, L82, F|290/290\n|turn|9\n|\n|t:|1684276293\n|move|p1a: Milotic|Scald|p2a: Palossand\n|-supereffective|p2a: Palossand\n|-damage|p2a: Palossand|118/286\n|-status|p2a: Palossand|brn\n|-ability|p2a: Palossand|Water Compaction|boost\n|-boost|p2a: Palossand|def|2\n|move|p2a: Palossand|Toxic|p1a: Milotic\n|-status|p1a: Milotic|tox\n|\n|-heal|p2a: Palossand|135/286 brn|[from] item: Leftovers\n|-damage|p1a: Milotic|272/290 tox|[from] psn\n|-damage|p2a: Palossand|118/286 brn|[from] brn\n|upkeep\n|turn|10\n|\n|t:|1684276316\n|move|p1a: Milotic|Scald|p2a: Palossand\n|-supereffective|p2a: Palossand\n|-damage|p2a: Palossand|0 fnt\n|faint|p2a: Palossand\n|\n|-heal|p1a: Milotic|290/290 tox|[from] item: Leftovers\n|-damage|p1a: Milotic|254/290 tox|[from] psn\n|upkeep\n|inactive|santboi has 270 seconds left.\n|\n|t:|1684276349\n|switch|p2a: Hitmonlee|Hitmonlee, L84, M|221/221\n|-status|p2a: Hitmonlee|psn\n|turn|11\n|\n|t:|1684276360\n|move|p2a: Hitmonlee|Knock Off|p1a: Milotic\n|-damage|p1a: Milotic|165/290 tox\n|-enditem|p1a: Milotic|Leftovers|[from] move: Knock Off|[of] p2a: Hitmonlee\n|move|p1a: Milotic|Scald|p2a: Hitmonlee\n|-damage|p2a: Hitmonlee|154/221 psn\n|\n|-damage|p2a: Hitmonlee|127/221 psn|[from] psn\n|-damage|p1a: Milotic|111/290 tox|[from] psn\n|upkeep\n|turn|12\n|\n|t:|1684276377\n|switch|p1a: Kommo-o|Kommo-o, L80, M|251/251\n|-start|p2a: Hitmonlee|Dynamax|\n|-heal|p2a: Hitmonlee|254/442 psn|[silent]\n|move|p2a: Hitmonlee|Max Darkness|p1a: Kommo-o\n|-resisted|p1a: Kommo-o\n|-damage|p1a: Kommo-o|209/251\n|-unboost|p1a: Kommo-o|spd|1\n|\n|-damage|p2a: Hitmonlee|227/442 psn|[from] psn\n|upkeep\n|turn|13\n|inactive|santboi has 240 seconds left.\n|\n|t:|1684276403\n|move|p2a: Hitmonlee|Max Knuckle|p1a: Kommo-o\n|-damage|p1a: Kommo-o|122/251\n|-boost|p2a: Hitmonlee|atk|1\n|move|p1a: Kommo-o|Clanging Scales|p2a: Hitmonlee\n|-damage|p2a: Hitmonlee|136/442 psn\n|-unboost|p1a: Kommo-o|def|1\n|-enditem|p1a: Kommo-o|Throat Spray\n|-boost|p1a: Kommo-o|spa|1|[from] item: Throat Spray\n|\n|-damage|p2a: Hitmonlee|109/442 psn|[from] psn\n|upkeep\n|turn|14\n|inactive|santboi has 240 seconds left.\n|\n|t:|1684276426\n|-start|p1a: Kommo-o|Dynamax|\n|-heal|p1a: Kommo-o|244/502|[silent]\n|move|p1a: Kommo-o|Max Guard|p1a: Kommo-o\n|-singleturn|p1a: Kommo-o|Max Guard\n|move|p2a: Hitmonlee|Max Knuckle|p1a: Kommo-o\n|-activate|p1a: Kommo-o|move: Max Guard\n|\n|-damage|p2a: Hitmonlee|82/442 psn|[from] psn\n|upkeep\n|-end|p2a: Hitmonlee|Dynamax\n|-heal|p2a: Hitmonlee|41/221 psn|[silent]\n|turn|15\n|inactive|santboi has 240 seconds left.\n|\n|t:|1684276439\n|move|p2a: Hitmonlee|Knock Off|p1a: Kommo-o\n|-resisted|p1a: Kommo-o\n|-damage|p1a: Kommo-o|172/502\n|move|p1a: Kommo-o|Max Knuckle|p2a: Hitmonlee\n|-crit|p2a: Hitmonlee\n|-damage|p2a: Hitmonlee|0 fnt\n|-boost|p1a: Kommo-o|atk|1\n|faint|p2a: Hitmonlee\n|\n|upkeep\n|\n|t:|1684276457\n|switch|p2a: Mamoswine|Mamoswine, L80, M|307/307\n|-status|p2a: Mamoswine|psn\n|turn|16\n|\n|t:|1684276466\n|move|p2a: Mamoswine|Earthquake|p1a: Kommo-o\n|-damage|p1a: Kommo-o|15/502\n|move|p1a: Kommo-o|Max Knuckle|p2a: Mamoswine\n|-supereffective|p2a: Mamoswine\n|-damage|p2a: Mamoswine|0 fnt\n|-boost|p1a: Kommo-o|atk|1\n|faint|p2a: Mamoswine\n|\n|upkeep\n|\n|t:|1684276475\n|switch|p2a: Lunala|Lunala, L72|316/316\n|-status|p2a: Lunala|psn\n|-end|p1a: Kommo-o|Dynamax\n|-heal|p1a: Kommo-o|8/251|[silent]\n|turn|17\n|\n|t:|1684276486\n|move|p1a: Kommo-o|Clanging Scales|p2a: Lunala\n|-damage|p2a: Lunala|232/316 psn\n|-unboost|p1a: Kommo-o|def|1\n|move|p2a: Lunala|Moonblast|p1a: Kommo-o\n|-supereffective|p1a: Kommo-o\n|-damage|p1a: Kommo-o|0 fnt\n|faint|p1a: Kommo-o\n|\n|-heal|p2a: Lunala|251/316 psn|[from] item: Leftovers\n|-damage|p2a: Lunala|212/316 psn|[from] psn\n|upkeep\n|\n|t:|1684276495\n|switch|p1a: Ferrothorn|Ferrothorn, L78, F|142/244\n|turn|18\n|\n|t:|1684276501\n|move|p2a: Lunala|Moonblast|p1a: Ferrothorn\n|-resisted|p1a: Ferrothorn\n|-damage|p1a: Ferrothorn|112/244\n|move|p1a: Ferrothorn|Leech Seed|p2a: Lunala\n|-start|p2a: Lunala|move: Leech Seed\n|\n|-heal|p2a: Lunala|231/316 psn|[from] item: Leftovers\n|-heal|p1a: Ferrothorn|127/244|[from] item: Leftovers\n|-damage|p2a: Lunala|192/316 psn|[from] Leech Seed|[of] p1a: Ferrothorn\n|-heal|p1a: Ferrothorn|166/244|[silent]\n|-damage|p2a: Lunala|153/316 psn|[from] psn\n|upkeep\n|turn|19\n|-message|santboi forfeited.\n|\n|win|waxicompleia\n|l|\u2606santboi\n", "inputlog": ">version a86fbaffe903c4a7274c53376b849908390bb49d\n>start {\"formatid\":\"gen8randombattle\",\"seed\":[18237,58259,37326,56969]}\n>player p1 {\"name\":\"waxicompleia\",\"avatar\":\"backpackerf\",\"rating\":0,\"seed\":[49918,18667,57353,14901]}\n>player p2 {\"name\":\"santboi\",\"avatar\":\"guitarist-gen4\",\"rating\":0,\"seed\":[25056,51471,41568,10727]}\n>p1 switch 4\n>p2 move heatwave\n>p1 move crunch\n>p2 move heatwave\n>p2 switch 6\n>p1 move poisonjab\n>p2 move poisonjab\n>p1 switch 4\n>p1 move moonblast\n>p2 move poisonjab\n>p1 switch 6\n>p1 move leechseed\n>p2 move closecombat\n>p1 move protect\n>p2 move closecombat\n>p1 switch 2\n>p2 move closecombat\n>p2 switch 4\n>p1 move toxicspikes\n>p2 move earthpower\n>p1 switch 3\n>p1 move scald\n>p2 move toxic\n>p1 move scald\n>p2 move shadowball\n>p2 switch 3\n>p1 move scald\n>p2 move knockoff\n>p1 switch 5\n>p2 move knockoff dynamax\n>p1 move clangingscales\n>p2 move highjumpkick dynamax\n>p1 move clangoroussoul dynamax\n>p2 move highjumpkick dynamax\n>p1 move closecombat dynamax\n>p2 move knockoff\n>p2 switch 5\n>p1 move closecombat dynamax\n>p2 move earthquake\n>p2 switch 2\n>p1 move clangingscales\n>p2 move moonblast\n>p1 switch 2\n>p1 move leechseed\n>p2 move moonblast\n>forcelose p2", "uploadtime": 1684276513, "views": 6, "p1id": "waxicompleia", "p2id": "santboi", "formatid": "gen8randombattle", "rating": 0, "private": 0, "password": ""}