{"id": "gen8randombattle-1565820445", "p1": "Referrals", "p2": "Appelsap", "format": "[Gen 8] Random Battle", "log": "|j|\u203dReferrals\n|j|\u2606Appelsap\n|t:|1651478376\n|gametype|singles\n|player|p1|Referrals|akari|2462\n|player|p2|Appelsap|170|2470\n|teamsize|p1|6\n|teamsize|p2|6\n|gen|8\n|tier|[Gen 8] Random Battle\n|rated|\n|rule|Species Clause: Limit one of each Pok\u00e9mon\n|rule|HP Percentage Mod: HP is shown in percentages\n|rule|Sleep Clause Mod: Limit one foe put to sleep\n|\n|t:|1651478376\n|start\n|switch|p1a: Magnezone|Magnezone, L84|255/255\n|switch|p2a: Ditto|Ditto, L76|198/198\n|-transform|p2a: Ditto|p1a: Magnezone|[from] ability: Imposter\n|turn|1\n|inactive|Battle timer is ON: inactive players will automatically lose when time's up. (requested by Referrals)\n|c|\u2606Appelsap|aah\n|c|\u2606Appelsap|not you\n|c|\u2606Appelsap|i wanted a simple win for #1\n|inactive|Referrals has 120 seconds left.\n|inactive|Appelsap has 120 seconds left.\n|inactive|Referrals has 90 seconds left.\n|\n|t:|1651478443\n|move|p1a: Magnezone|Volt Switch|p2a: Ditto\n|-resisted|p2a: Ditto\n|-damage|p2a: Ditto|152/198\n|\n|t:|1651478446\n|switch|p1a: Runerigus|Runerigus, L84, M|235/235\n|move|p2a: Ditto|Volt Switch|p1a: Runerigus\n|-immune|p1a: Runerigus\n|\n|upkeep\n|turn|2\n|j| Glad2pksd\n|\n|t:|1651478458\n|switch|p2a: Thundurus|Thundurus, L80, M|258/258\n|move|p1a: Runerigus|Stealth Rock|p2a: Thundurus\n|-sidestart|p2: Appelsap|move: Stealth Rock\n|\n|upkeep\n|turn|3\n|\n|t:|1651478476\n|move|p2a: Thundurus|Knock Off|p1a: Runerigus\n|-supereffective|p1a: Runerigus\n|-damage|p1a: Runerigus|131/235\n|-activate|p1a: Runerigus|ability: Wandering Spirit|Prankster|Wandering Spirit|[of] p2a: Thundurus\n|-enditem|p1a: Runerigus|Leftovers|[from] move: Knock Off|[of] p2a: Thundurus\n|move|p1a: Runerigus|Poltergeist|p2a: Thundurus\n|-activate|p2a: Thundurus|move: Poltergeist|Heavy-Duty Boots\n|-damage|p2a: Thundurus|128/258\n|\n|upkeep\n|turn|4\n|\n|t:|1651478482\n|move|p2a: Thundurus|Grass Knot|p1a: Runerigus\n|-supereffective|p1a: Runerigus\n|-damage|p1a: Runerigus|27/235\n|move|p1a: Runerigus|Poltergeist|p2a: Thundurus\n|-activate|p2a: Thundurus|move: Poltergeist|Heavy-Duty Boots\n|-damage|p2a: Thundurus|0 fnt\n|faint|p2a: Thundurus\n|\n|upkeep\n|inactive|Appelsap has 120 seconds left.\n|\n|t:|1651478515\n|switch|p2a: Naganadel|Naganadel, L74|230/230\n|-damage|p2a: Naganadel|202/230|[from] Stealth Rock\n|turn|5\n|\n|t:|1651478519\n|switch|p1a: Jellicent|Jellicent, L84, M|305/305\n|move|p2a: Naganadel|Sludge Wave|p1a: Jellicent\n|-resisted|p1a: Jellicent\n|-damage|p1a: Jellicent|247/305\n|-damage|p2a: Naganadel|179/230|[from] item: Life Orb\n|\n|-heal|p1a: Jellicent|266/305|[from] item: Leftovers\n|upkeep\n|turn|6\n|\n|t:|1651478528\n|move|p2a: Naganadel|Nasty Plot|p2a: Naganadel\n|-boost|p2a: Naganadel|spa|2\n|move|p1a: Jellicent|Ice Beam|p2a: Naganadel\n|-supereffective|p2a: Naganadel\n|-damage|p2a: Naganadel|17/230\n|\n|-heal|p1a: Jellicent|285/305|[from] item: Leftovers\n|upkeep\n|turn|7\n|\n|t:|1651478532\n|switch|p1a: Runerigus|Runerigus, L84, M|27/235\n|move|p2a: Naganadel|Draco Meteor|p1a: Runerigus\n|-damage|p1a: Runerigus|0 fnt\n|-unboost|p2a: Naganadel|spa|2\n|faint|p1a: Runerigus\n|-ability|p2a: Naganadel|Beast Boost|boost\n|-boost|p2a: Naganadel|spa|1\n|-damage|p2a: Naganadel|0 fnt|[from] item: Life Orb\n|faint|p2a: Naganadel\n|\n|upkeep\n|j| KingZuko\n|c| KingZuko|;0\n|inactive|Referrals has 120 seconds left.\n|c| KingZuko|prime time match\n|inactive|Appelsap has 120 seconds left.\n|c|\u2606Appelsap|wait whoever wins this is #1\n|inactive|Referrals has 90 seconds left.\n|c| KingZuko|yeah with your elo\n|c| KingZuko|im assuming ref would be 1\n|\n|t:|1651478612\n|switch|p2a: Torkoal|Torkoal, L86, M|261/261\n|switch|p1a: Magnezone|Magnezone, L84|255/255\n|-weather|SunnyDay|[from] ability: Drought|[of] p2a: Torkoal\n|turn|8\n|\n|t:|1651478621\n|move|p1a: Magnezone|Volt Switch|p2a: Torkoal\n|-damage|p2a: Torkoal|156/261\n|\n|t:|1651478624\n|switch|p1a: Jellicent|Jellicent, L84, M|285/305\n|move|p2a: Torkoal|Solar Beam||[still]\n|-prepare|p2a: Torkoal|Solar Beam\n|-anim|p2a: Torkoal|Solar Beam|p1a: Jellicent\n|-supereffective|p1a: Jellicent\n|-damage|p1a: Jellicent|141/305\n|\n|-weather|SunnyDay|[upkeep]\n|-heal|p1a: Jellicent|160/305|[from] item: Leftovers\n|upkeep\n|turn|9\n|\n|t:|1651478633\n|switch|p2a: Kartana|Kartana, L74|209/209\n|-damage|p2a: Kartana|196/209|[from] Stealth Rock\n|move|p1a: Jellicent|Recover|p1a: Jellicent\n|-heal|p1a: Jellicent|305/305\n|\n|-weather|SunnyDay|[upkeep]\n|upkeep\n|turn|10\n|\n|t:|1651478641\n|move|p2a: Kartana|Knock Off|p1a: Jellicent\n|-supereffective|p1a: Jellicent\n|-damage|p1a: Jellicent|45/305\n|-enditem|p1a: Jellicent|Leftovers|[from] move: Knock Off|[of] p2a: Kartana\n|-damage|p2a: Kartana|176/209|[from] item: Life Orb\n|move|p1a: Jellicent|Scald|p2a: Kartana\n|-resisted|p2a: Kartana\n|-damage|p2a: Kartana|136/209\n|\n|-weather|SunnyDay|[upkeep]\n|upkeep\n|turn|11\n|\n|t:|1651478645\n|move|p2a: Kartana|Knock Off|p1a: Jellicent\n|-supereffective|p1a: Jellicent\n|-damage|p1a: Jellicent|0 fnt\n|faint|p1a: Jellicent\n|-ability|p2a: Kartana|Beast Boost|boost\n|-boost|p2a: Kartana|atk|1\n|-damage|p2a: Kartana|116/209|[from] item: Life Orb\n|\n|-weather|SunnyDay|[upkeep]\n|upkeep\n|inactive|Referrals has 120 seconds left.\n|\n|t:|1651478664\n|switch|p1a: Magnezone|Magnezone, L84|255/255\n|turn|12\n|inactive|Referrals has 120 seconds left.\n|inactive|Referrals has 90 seconds left.\n|\n|t:|1651478700\n|move|p1a: Magnezone|Thunderbolt|p2a: Kartana\n|-resisted|p2a: Kartana\n|-damage|p2a: Kartana|0 fnt\n|faint|p2a: Kartana\n|\n|-weather|none\n|upkeep\n|\n|t:|1651478704\n|switch|p2a: Ditto|Ditto, L76|152/198\n|-damage|p2a: Ditto|128/198|[from] Stealth Rock\n|-transform|p2a: Ditto|p1a: Magnezone|[from] ability: Imposter\n|turn|13\n|\n|t:|1651478710\n|move|p1a: Magnezone|Thunderbolt|p2a: Ditto\n|-resisted|p2a: Ditto\n|-damage|p2a: Ditto|64/198\n|move|p2a: Ditto|Body Press|p1a: Magnezone\n|-supereffective|p1a: Magnezone\n|-damage|p1a: Magnezone|163/255\n|\n|upkeep\n|turn|14\n|\n|t:|1651478714\n|move|p2a: Ditto|Body Press|p1a: Magnezone\n|-supereffective|p1a: Magnezone\n|-damage|p1a: Magnezone|61/255\n|move|p1a: Magnezone|Thunderbolt|p2a: Ditto\n|-resisted|p2a: Ditto\n|-damage|p2a: Ditto|1/198\n|\n|upkeep\n|turn|15\n|\n|t:|1651478717\n|move|p2a: Ditto|Body Press|p1a: Magnezone\n|-supereffective|p1a: Magnezone\n|-damage|p1a: Magnezone|0 fnt\n|faint|p1a: Magnezone\n|\n|upkeep\n|inactive|Referrals has 120 seconds left.\n|\n|t:|1651478728\n|switch|p1a: Slowking|Slowking, L86, M|304/304\n|turn|16\n|\n|t:|1651478737\n|move|p2a: Ditto|Body Press|p1a: Slowking\n|-resisted|p1a: Slowking\n|-damage|p1a: Slowking|271/304\n|move|p1a: Slowking|Scald|p2a: Ditto\n|-damage|p2a: Ditto|0 fnt\n|faint|p2a: Ditto\n|\n|-heal|p1a: Slowking|290/304|[from] item: Leftovers\n|upkeep\n|\n|t:|1651478746\n|switch|p2a: Torkoal|Torkoal, L86, M|156/261\n|-weather|SunnyDay|[from] ability: Drought|[of] p2a: Torkoal\n|turn|17\n|\n|t:|1651478749\n|move|p1a: Slowking|Toxic|p2a: Torkoal\n|-status|p2a: Torkoal|tox\n|move|p2a: Torkoal|Rapid Spin|p1a: Slowking\n|-damage|p1a: Slowking|253/304\n|-boost|p2a: Torkoal|spe|1\n|-sideend|p2: Appelsap|Stealth Rock|[from] move: Rapid Spin|[of] p2a: Torkoal\n|\n|-weather|SunnyDay|[upkeep]\n|-heal|p1a: Slowking|272/304|[from] item: Leftovers\n|-damage|p2a: Torkoal|140/261 tox|[from] psn\n|upkeep\n|turn|18\n|\n|t:|1651478751\n|move|p2a: Torkoal|Solar Beam||[still]\n|-prepare|p2a: Torkoal|Solar Beam\n|-anim|p2a: Torkoal|Solar Beam|p1a: Slowking\n|-supereffective|p1a: Slowking\n|-damage|p1a: Slowking|138/304\n|move|p1a: Slowking|Slack Off|p1a: Slowking\n|-heal|p1a: Slowking|290/304\n|\n|-weather|SunnyDay|[upkeep]\n|-heal|p1a: Slowking|304/304|[from] item: Leftovers\n|-damage|p2a: Torkoal|108/261 tox|[from] psn\n|upkeep\n|turn|19\n|\n|t:|1651478755\n|move|p2a: Torkoal|Solar Beam||[still]\n|-prepare|p2a: Torkoal|Solar Beam\n|-anim|p2a: Torkoal|Solar Beam|p1a: Slowking\n|-supereffective|p1a: Slowking\n|-damage|p1a: Slowking|172/304\n|move|p1a: Slowking|Slack Off|p1a: Slowking\n|-heal|p1a: Slowking|304/304\n|\n|-weather|SunnyDay|[upkeep]\n|-damage|p2a: Torkoal|60/261 tox|[from] psn\n|upkeep\n|turn|20\n|\n|t:|1651478762\n|move|p2a: Torkoal|Solar Beam||[still]\n|-prepare|p2a: Torkoal|Solar Beam\n|-anim|p2a: Torkoal|Solar Beam|p1a: Slowking\n|-supereffective|p1a: Slowking\n|-damage|p1a: Slowking|172/304\n|move|p1a: Slowking|Slack Off|p1a: Slowking\n|-heal|p1a: Slowking|304/304\n|\n|-weather|SunnyDay|[upkeep]\n|-damage|p2a: Torkoal|0 fnt|[from] psn\n|faint|p2a: Torkoal\n|upkeep\n|\n|t:|1651478765\n|switch|p2a: Barbaracle|Barbaracle, L80, F|246/246\n|turn|21\n|\n|t:|1651478769\n|move|p2a: Barbaracle|Shell Smash|p2a: Barbaracle\n|-unboost|p2a: Barbaracle|def|1\n|-unboost|p2a: Barbaracle|spd|1\n|-boost|p2a: Barbaracle|atk|2\n|-boost|p2a: Barbaracle|spa|2\n|-boost|p2a: Barbaracle|spe|2\n|-enditem|p2a: Barbaracle|White Herb\n|-clearnegativeboost|p2a: Barbaracle|[silent]\n|move|p1a: Slowking|Toxic|p2a: Barbaracle\n|-status|p2a: Barbaracle|tox\n|\n|-weather|none\n|-damage|p2a: Barbaracle|231/246 tox|[from] psn\n|upkeep\n|turn|22\n|\n|t:|1651478772\n|-start|p1a: Slowking|Dynamax|\n|-heal|p1a: Slowking|608/608|[silent]\n|move|p2a: Barbaracle|Shell Smash|p2a: Barbaracle\n|-unboost|p2a: Barbaracle|def|1\n|-unboost|p2a: Barbaracle|spd|1\n|-boost|p2a: Barbaracle|atk|2\n|-boost|p2a: Barbaracle|spa|2\n|-boost|p2a: Barbaracle|spe|2\n|move|p1a: Slowking|Max Geyser|p2a: Barbaracle\n|-damage|p2a: Barbaracle|0 fnt\n|-weather|RainDance\n|faint|p2a: Barbaracle\n|\n|win|Referrals\n|raw|Referrals's rating: 2462 &rarr; <strong>2482</strong><br />(+20 for winning)\n|raw|Appelsap's rating: 2470 &rarr; <strong>2450</strong><br />(-20 for losing)\n|l|\u203dReferrals\n|c|\u2606Appelsap|gg\n|c| KingZuko|damn no gg\n|c| KingZuko|gg\n|l| KingZuko\n|l| Glad2pksd\n|j|\u203dReferrals\n|player|p1|Referrals|akari\n|l|\u2606Appelsap\n", "inputlog": ">version 2b5fc857a8b5573b0ae116400af2c76ed1f3ed7a\n>start {\"formatid\":\"gen8randombattle\",\"seed\":[31661,32953,15900,46644],\"rated\":\"Rated battle\"}\n>player p1 {\"name\":\"Referrals\",\"avatar\":\"akari\",\"rating\":2462,\"seed\":[54548,21582,12462,22519]}\n>player p2 {\"name\":\"Appelsap\",\"avatar\":\"170\",\"rating\":2470,\"seed\":[57550,50472,4436,23213]}\n>chat \u2606Appelsap|aah\n>chat \u2606Appelsap|not you\n>chat \u2606Appelsap|i wanted a simple win for #1\n>p1 move voltswitch\n>p2 move voltswitch\n>p1 switch 4\n>p1 move stealthrock\n>p2 switch 4\n>p1 move poltergeist\n>p2 move knockoff\n>p1 move poltergeist\n>p2 move grassknot\n>p2 switch 2\n>p1 switch 6\n>p2 move sludgewave\n>p1 move icebeam\n>p2 move nastyplot\n>p1 switch 6\n>p2 move dracometeor\n>chat  KingZuko|;0\n>chat  KingZuko|prime time match\n>chat \u2606Appelsap|wait whoever wins this is #1\n>chat  KingZuko|yeah with your elo\n>chat  KingZuko|im assuming ref would be 1\n>p1 switch 4\n>p2 switch 6\n>p1 move voltswitch\n>p2 move solarbeam\n>p1 switch 6\n>p1 move recover\n>p2 switch 3\n>p1 move scald\n>p2 move knockoff\n>p1 move recover\n>p2 move knockoff\n>p1 switch 6\n>p1 move thunderbolt\n>p2 move knockoff\n>p2 switch 4\n>p1 move thunderbolt\n>p2 move bodypress\n>p1 move thunderbolt\n>p2 move bodypress\n>p1 move thunderbolt\n>p2 move bodypress\n>p1 switch 3\n>p1 move scald\n>p2 move bodypress\n>p2 switch 3\n>p1 move toxic\n>p2 move rapidspin\n>p1 move slackoff\n>p2 move solarbeam\n>p1 move slackoff\n>p2 move solarbeam\n>p1 move slackoff\n>p2 move solarbeam\n>p2 switch 5\n>p1 move toxic\n>p2 move shellsmash\n>p1 move scald dynamax\n>p2 move shellsmash", "uploadtime": 1651478851, "views": 117, "p1id": "referrals", "p2id": "appelsap", "formatid": "gen8randombattle", "rating": 2450, "private": 0, "password": null}