{"id": "gen8randombattle-1697668294", "p1": "HOOPLABOOPLA", "p2": "JJ09LIE", "format": "[Gen 8] Random Battle", "log": "|j|\u2606HOOPLABOOPLA\n|j|\u2606JJ09LIE\n|t:|1667022063\n|gametype|singles\n|player|p1|HOOPLABOOPLA|101|2453\n|player|p2|JJ09LIE|akari|2416\n|teamsize|p1|6\n|teamsize|p2|6\n|gen|8\n|tier|[Gen 8] Random Battle\n|rated|\n|rule|Species Clause: Limit one of each Pok\u00e9mon\n|rule|HP Percentage Mod: HP is shown in percentages\n|rule|Sleep Clause Mod: Limit one foe put to sleep\n|\n|t:|1667022063\n|start\n|switch|p1a: Kommo-o|Kommo-o, L80, M|251/251\n|switch|p2a: Frosmoth|Frosmoth, L82, M|249/249\n|turn|1\n|inactive|Battle timer is ON: inactive players will automatically lose when time's up. (requested by JJ09LIE)\n|\n|t:|1667022084\n|switch|p1a: Uxie|Uxie, L82|257/257\n|move|p2a: Frosmoth|Quiver Dance|p2a: Frosmoth\n|-boost|p2a: Frosmoth|spa|1\n|-boost|p2a: Frosmoth|spd|1\n|-boost|p2a: Frosmoth|spe|1\n|\n|upkeep\n|turn|2\n|\n|t:|1667022090\n|move|p2a: Frosmoth|Bug Buzz|p1a: Uxie\n|-supereffective|p1a: Uxie\n|-damage|p1a: Uxie|29/257\n|move|p1a: Uxie|Yawn|p2a: Frosmoth\n|-start|p2a: Frosmoth|move: Yawn|[of] p1a: Uxie\n|\n|-heal|p1a: Uxie|45/257|[from] item: Leftovers\n|upkeep\n|turn|3\n|\n|t:|1667022095\n|move|p2a: Frosmoth|Ice Beam|p1a: Uxie\n|-damage|p1a: Uxie|0 fnt\n|faint|p1a: Uxie\n|\n|-end|p2a: Frosmoth|move: Yawn|[silent]\n|-status|p2a: Frosmoth|slp\n|upkeep\n|\n|t:|1667022101\n|switch|p1a: Gyarados|Gyarados, L76, F|269/269\n|turn|4\n|\n|t:|1667022131\n|cant|p2a: Frosmoth|slp\n|move|p1a: Gyarados|Dragon Dance|p1a: Gyarados\n|-boost|p1a: Gyarados|atk|1\n|-boost|p1a: Gyarados|spe|1\n|\n|upkeep\n|turn|5\n|\n|t:|1667022139\n|switch|p2a: Kabutops|Kabutops, L82, M|233/233\n|move|p1a: Gyarados|Bounce||[still]\n|-prepare|p1a: Gyarados|Bounce\n|\n|upkeep\n|turn|6\n|\n|t:|1667022147\n|move|p1a: Gyarados|Bounce|p2a: Kabutops|[from]lockedmove\n|-resisted|p2a: Kabutops\n|-damage|p2a: Kabutops|176/233\n|move|p2a: Kabutops|Stone Edge|p1a: Gyarados\n|-supereffective|p1a: Gyarados\n|-damage|p1a: Gyarados|0 fnt\n|faint|p1a: Gyarados\n|-damage|p2a: Kabutops|153/233|[from] item: Life Orb\n|\n|upkeep\n|\n|t:|1667022156\n|switch|p1a: Rotom|Rotom-Mow, L86|226/226\n|turn|7\n|\n|t:|1667022162\n|switch|p2a: Roserade|Roserade, L84, M|238/238\n|move|p1a: Rotom|Volt Switch|p2a: Roserade\n|-resisted|p2a: Roserade\n|-damage|p2a: Roserade|201/238\n|\n|t:|1667022166\n|switch|p1a: Electivire|Electivire, L82, F|257/257\n|\n|-heal|p2a: Roserade|215/238|[from] item: Black Sludge\n|upkeep\n|turn|8\n|\n|t:|1667022170\n|move|p1a: Electivire|Flamethrower|p2a: Roserade\n|-supereffective|p2a: Roserade\n|-damage|p2a: Roserade|72/238\n|-status|p2a: Roserade|brn\n|-damage|p1a: Electivire|232/257|[from] item: Life Orb\n|move|p2a: Roserade|Toxic Spikes|p1a: Electivire\n|-sidestart|p1: HOOPLABOOPLA|move: Toxic Spikes\n|\n|-heal|p2a: Roserade|86/238 brn|[from] item: Black Sludge\n|-damage|p2a: Roserade|72/238 brn|[from] brn\n|upkeep\n|turn|9\n|\n|t:|1667022180\n|-curestatus|p2a: Roserade|brn|[from] ability: Natural Cure\n|switch|p2a: Kyurem|Kyurem-White, L74|307/307\n|-ability|p2a: Kyurem|Turboblaze\n|move|p1a: Electivire|Flamethrower|p2a: Kyurem\n|-damage|p2a: Kyurem|234/307\n|-damage|p1a: Electivire|207/257|[from] item: Life Orb\n|\n|upkeep\n|turn|10\n|\n|t:|1667022192\n|-start|p1a: Electivire|Dynamax|\n|-heal|p1a: Electivire|414/514|[silent]\n|move|p1a: Electivire|Max Quake|p2a: Kyurem\n|-damage|p2a: Kyurem|69/307\n|-boost|p1a: Electivire|spd|1\n|-damage|p1a: Electivire|389/514|[from] item: Life Orb\n|move|p2a: Kyurem|Roost|p2a: Kyurem\n|-heal|p2a: Kyurem|223/307\n|-singleturn|p2a: Kyurem|move: Roost\n|\n|upkeep\n|turn|11\n|\n|t:|1667022203\n|move|p1a: Electivire|Max Quake|p2a: Kyurem\n|-damage|p2a: Kyurem|62/307\n|-boost|p1a: Electivire|spd|1\n|-damage|p1a: Electivire|364/514|[from] item: Life Orb\n|move|p2a: Kyurem|Roost|p2a: Kyurem\n|-heal|p2a: Kyurem|216/307\n|-singleturn|p2a: Kyurem|move: Roost\n|\n|upkeep\n|turn|12\n|\n|t:|1667022213\n|switch|p2a: Vespiquen|Vespiquen, L96, F|290/290\n|-ability|p2a: Vespiquen|Pressure\n|move|p1a: Electivire|Max Quake|p2a: Vespiquen\n|-immune|p2a: Vespiquen\n|\n|upkeep\n|-end|p1a: Electivire|Dynamax\n|-heal|p1a: Electivire|182/257|[silent]\n|turn|13\n|\n|t:|1667022218\n|move|p1a: Electivire|Wild Charge|p2a: Vespiquen\n|-supereffective|p2a: Vespiquen\n|-damage|p2a: Vespiquen|85/290\n|-damage|p1a: Electivire|131/257|[from] Recoil\n|-damage|p1a: Electivire|106/257|[from] item: Life Orb\n|move|p2a: Vespiquen|U-turn|p1a: Electivire\n|-damage|p1a: Electivire|0 fnt\n|faint|p1a: Electivire\n|\n|t:|1667022228\n|switch|p2a: Lycanroc|Lycanroc-Dusk, L80, M|251/251\n|\n|upkeep\n|\n|t:|1667022233\n|switch|p1a: Kyogre|Kyogre, L72|263/263\n|-status|p1a: Kyogre|psn\n|-weather|RainDance|[from] ability: Drizzle|[of] p1a: Kyogre\n|turn|14\n|\n|t:|1667022240\n|switch|p2a: Frosmoth|Frosmoth, L82, M|249/249 slp\n|move|p1a: Kyogre|Origin Pulse|p2a: Frosmoth\n|-damage|p2a: Frosmoth|154/249 slp\n|\n|-weather|RainDance|[upkeep]\n|-damage|p1a: Kyogre|231/263 psn|[from] psn\n|upkeep\n|turn|15\n|\n|t:|1667022246\n|move|p1a: Kyogre|Origin Pulse|p2a: Frosmoth\n|-damage|p2a: Frosmoth|63/249 slp\n|-curestatus|p2a: Frosmoth|slp|[msg]\n|move|p2a: Frosmoth|Quiver Dance|p2a: Frosmoth\n|-boost|p2a: Frosmoth|spa|1\n|-boost|p2a: Frosmoth|spd|1\n|-boost|p2a: Frosmoth|spe|1\n|\n|-weather|RainDance|[upkeep]\n|-heal|p1a: Kyogre|247/263 psn|[from] item: Leftovers\n|-damage|p1a: Kyogre|215/263 psn|[from] psn\n|upkeep\n|turn|16\n|\n|t:|1667022253\n|move|p2a: Frosmoth|Bug Buzz|p1a: Kyogre\n|-damage|p1a: Kyogre|77/263 psn\n|move|p1a: Kyogre|Origin Pulse|p2a: Frosmoth\n|-damage|p2a: Frosmoth|3/249\n|\n|-weather|RainDance|[upkeep]\n|-heal|p1a: Kyogre|93/263 psn|[from] item: Leftovers\n|-damage|p1a: Kyogre|61/263 psn|[from] psn\n|upkeep\n|turn|17\n|\n|t:|1667022257\n|move|p2a: Frosmoth|Hurricane|p1a: Kyogre\n|-damage|p1a: Kyogre|0 fnt\n|faint|p1a: Kyogre\n|\n|-weather|RainDance|[upkeep]\n|upkeep\n|\n|t:|1667022260\n|switch|p1a: Rotom|Rotom-Mow, L86|226/226\n|turn|18\n|\n|t:|1667022262\n|move|p2a: Frosmoth|Ice Beam|p1a: Rotom\n|-supereffective|p1a: Rotom\n|-damage|p1a: Rotom|0 fnt\n|faint|p1a: Rotom\n|\n|-weather|none\n|upkeep\n|\n|t:|1667022265\n|switch|p1a: Kommo-o|Kommo-o, L80, M|251/251\n|-status|p1a: Kommo-o|psn\n|turn|19\n|\n|t:|1667022268\n|-start|p2a: Frosmoth|Dynamax|\n|-heal|p2a: Frosmoth|6/498|[silent]\n|move|p2a: Frosmoth|Max Hailstorm|p1a: Kommo-o\n|-supereffective|p1a: Kommo-o\n|-damage|p1a: Kommo-o|0 fnt\n|-weather|Hail\n|faint|p1a: Kommo-o\n|\n|win|JJ09LIE\n|raw|HOOPLABOOPLA's rating: 2453 &rarr; <strong>2431</strong><br />(-22 for losing)\n|raw|JJ09LIE's rating: 2416 &rarr; <strong>2438</strong><br />(+22 for winning)\n", "inputlog": ">version 855bee47758c8e203fce9c72050fbccc525688e2\n>start {\"formatid\":\"gen8randombattle\",\"seed\":[54162,21143,42085,45631],\"rated\":\"Rated battle\"}\n>player p1 {\"name\":\"HOOPLABOOPLA\",\"avatar\":\"101\",\"rating\":2453,\"seed\":[23543,43771,42732,60904]}\n>player p2 {\"name\":\"JJ09LIE\",\"avatar\":\"akari\",\"rating\":2416,\"seed\":[61803,1150,4015,56013]}\n>p1 switch 6\n>p2 move quiverdance\n>p1 move yawn\n>p2 move bugbuzz\n>p1 move knockoff\n>p2 move icebeam\n>p1 switch 4\n>p1 move dragondance\n>p2 move icebeam\n>p1 move bounce\n>p2 switch 2\n>p1 move bounce\n>p2 move stoneedge\n>p1 switch 2\n>p1 move voltswitch\n>p2 switch 5\n>p1 switch 3\n>p1 move flamethrower\n>p2 move toxicspikes\n>p1 move flamethrower\n>p2 switch 4\n>p1 move earthquake dynamax\n>p2 move roost\n>p1 move earthquake dynamax\n>p2 move roost\n>p1 move earthquake dynamax\n>p2 switch 3\n>p1 move wildcharge\n>p2 move uturn\n>p2 switch 6\n>p1 switch 5\n>p1 move originpulse\n>p2 switch 2\n>p1 move originpulse\n>p2 move quiverdance\n>p1 move originpulse\n>p2 move bugbuzz\n>p1 move originpulse\n>p2 move hurricane\n>p1 switch 3\n>p1 move voltswitch\n>p2 move icebeam\n>p1 switch 6\n>p1 move clangoroussoul\n>p2 move icebeam dynamax", "uploadtime": 1667022272, "views": 15, "p1id": "hooplaboopla", "p2id": "jj09lie", "formatid": "gen8randombattle", "rating": 2431, "private": 0, "password": null}