|j|☆chivalroustot
|j|‽e56h5eh5eh65eh
|t:|1685281328
|gametype|singles
|player|p1|chivalroustot|169|1163
|player|p2|e56h5eh5eh65eh|101|1049
|teamsize|p1|6
|teamsize|p2|6
|gen|8
|tier|[Gen 8] Random Battle
|rated|
|rule|Species Clause: Limit one of each Pokémon
|rule|HP Percentage Mod: HP is shown in percentages
|rule|Sleep Clause Mod: Limit one foe put to sleep
|
|t:|1685281328
|start
|switch|p1a: Qwilfish|Qwilfish, L84, M|246/246
|switch|p2a: Eldegoss|Eldegoss, L90, M|254/254
|-ability|p1a: Qwilfish|Intimidate|boost
|-unboost|p2a: Eldegoss|atk|1
|turn|1
|l|☆chivalroustot
|player|p1|
|
|t:|1685281392
|switch|p1a: Togekiss|Togekiss, L80, M|267/267
|switch|p2a: Marowak|Marowak, L86, M|243/243
|
|upkeep
|turn|2
|j|☆chivalroustot
|player|p1|chivalroustot|169
|inactive|Battle timer is ON: inactive players will automatically lose when time's up. (requested by e56h5eh5eh65eh)
|
|t:|1685281430
|move|p1a: Togekiss|Air Slash|p2a: Marowak
|-damage|p2a: Marowak|156/243
|cant|p2a: Marowak|flinch
|
|upkeep
|turn|3
|inactive|chivalroustot has 120 seconds left.
|
|t:|1685281463
|move|p1a: Togekiss|Air Slash|p2a: Marowak
|-damage|p2a: Marowak|63/243
|cant|p2a: Marowak|flinch
|
|upkeep
|turn|4
|
|t:|1685281475
|move|p1a: Togekiss|Air Slash|p2a: Marowak
|-damage|p2a: Marowak|0 fnt
|faint|p2a: Marowak
|
|upkeep
|
|t:|1685281480
|switch|p2a: Ninetales|Ninetales-Alola, L79, M|245/245
|-weather|Hail|[from] ability: Snow Warning|[of] p2a: Ninetales
|turn|5
|
|t:|1685281491
|switch|p1a: Qwilfish|Qwilfish, L84, M|246/246
|-ability|p1a: Qwilfish|Intimidate|boost
|-unboost|p2a: Ninetales|atk|1
|move|p2a: Ninetales|Aurora Veil|p2a: Ninetales
|-sidestart|p2: e56h5eh5eh65eh|move: Aurora Veil
|
|-weather|Hail|[upkeep]
|-damage|p1a: Qwilfish|231/246|[from] Hail
|upkeep
|turn|6
|
|t:|1685281513
|move|p2a: Ninetales|Freeze-Dry|p1a: Qwilfish
|-supereffective|p1a: Qwilfish
|-damage|p1a: Qwilfish|63/246
|move|p1a: Qwilfish|Thunder Wave|p2a: Ninetales
|-status|p2a: Ninetales|par
|
|-weather|Hail|[upkeep]
|-damage|p1a: Qwilfish|48/246|[from] Hail
|upkeep
|turn|7
|
|t:|1685281526
|switch|p2a: Octillery|Octillery, L86, F|269/269
|move|p1a: Qwilfish|Waterfall|p2a: Octillery
|-resisted|p2a: Octillery
|-damage|p2a: Octillery|244/269
|
|-weather|Hail|[upkeep]
|-damage|p1a: Qwilfish|33/246|[from] Hail
|-damage|p2a: Octillery|228/269|[from] Hail
|-heal|p2a: Octillery|244/269|[from] item: Leftovers
|-ability|p2a: Octillery|Moody|boost
|-boost|p2a: Octillery|spd|2
|-unboost|p2a: Octillery|atk|1
|upkeep
|turn|8
|
|t:|1685281543
|move|p1a: Qwilfish|Destiny Bond|p1a: Qwilfish
|-singlemove|p1a: Qwilfish|Destiny Bond
|move|p2a: Octillery|Ice Beam|p1a: Qwilfish
|-resisted|p1a: Qwilfish
|-damage|p1a: Qwilfish|0 fnt
|faint|p1a: Qwilfish
|-activate|p1a: Qwilfish|move: Destiny Bond
|faint|p2a: Octillery
|
|-weather|Hail|[upkeep]
|upkeep
|
|t:|1685281553
|switch|p1a: Frosmoth|Frosmoth, L82, M|249/249
|switch|p2a: Pelipper|Pelipper, L86, M|243/243
|-weather|RainDance|[from] ability: Drizzle|[of] p2a: Pelipper
|turn|9
|-message|e56h5eh5eh65eh forfeited.
|
|win|chivalroustot
|raw|chivalroustot's rating: 1163 &rarr; <strong>1180</strong><br />(+17 for winning)
|raw|e56h5eh5eh65eh's rating: 1049 &rarr; <strong>1037</strong><br />(-12 for losing)
|l|‽e56h5eh5eh65eh
