|j|☆NoT808
|j|☆6+5894KJGYU\U
|t:|1685530064
|gametype|singles
|player|p1|NoT808|unknown|1095
|player|p2|6+5894KJGYU\U|265|1252
|teamsize|p1|6
|teamsize|p2|6
|gen|8
|tier|[Gen 8] Random Battle
|rated|
|rule|Species Clause: Limit one of each Pokémon
|rule|HP Percentage Mod: HP is shown in percentages
|rule|Sleep Clause Mod: Limit one foe put to sleep
|
|t:|1685530064
|start
|switch|p1a: Roserade|Roserade, L84, M|238/238
|switch|p2a: Melmetal|Melmetal, L74|322/322
|turn|1
|
|t:|1685530099
|switch|p1a: Miltank|Miltank, L84, F|297/297
|move|p2a: Melmetal|Thunder Wave|p1a: Miltank
|-status|p1a: Miltank|par
|
|upkeep
|turn|2
|inactive|Battle timer is ON: inactive players will automatically lose when time's up. (requested by 6+5894KJGYU\U)
|
|t:|1685530117
|move|p1a: Miltank|Earthquake|p2a: Melmetal
|-supereffective|p2a: Melmetal
|-damage|p2a: Melmetal|228/322
|move|p2a: Melmetal|Double Iron Bash|p1a: Miltank
|-damage|p1a: Miltank|221/297 par
|-damage|p1a: Miltank|152/297 par
|-hitcount|p1a: Miltank|2
|
|-heal|p1a: Miltank|170/297 par|[from] item: Leftovers
|-heal|p2a: Melmetal|248/322|[from] item: Leftovers
|upkeep
|turn|3
|
|t:|1685530133
|move|p1a: Miltank|Earthquake|p2a: Melmetal
|-supereffective|p2a: Melmetal
|-damage|p2a: Melmetal|152/322
|move|p2a: Melmetal|Superpower|p1a: Miltank
|-supereffective|p1a: Miltank
|-damage|p1a: Miltank|12/297 par
|-unboost|p2a: Melmetal|atk|1
|-unboost|p2a: Melmetal|def|1
|
|-heal|p1a: Miltank|30/297 par|[from] item: Leftovers
|-heal|p2a: Melmetal|172/322|[from] item: Leftovers
|upkeep
|turn|4
|
|t:|1685530145
|switch|p2a: Meowstic|Meowstic, L84, M|262/262
|move|p1a: Miltank|Body Slam|p2a: Meowstic
|-damage|p2a: Meowstic|172/262
|-status|p2a: Meowstic|par
|
|-heal|p1a: Miltank|48/297 par|[from] item: Leftovers
|upkeep
|turn|5
|
|t:|1685530155
|move|p2a: Meowstic|Reflect|p2a: Meowstic
|-sidestart|p2: 6+5894KJGYU\U|Reflect
|move|p1a: Miltank|Toxic||[still]
|-fail|p1a: Miltank
|
|-heal|p1a: Miltank|66/297 par|[from] item: Leftovers
|upkeep
|turn|6
|
|t:|1685530184
|cant|p2a: Meowstic|par
|move|p1a: Miltank|Milk Drink|p1a: Miltank
|-heal|p1a: Miltank|215/297 par
|
|-heal|p1a: Miltank|233/297 par|[from] item: Leftovers
|upkeep
|turn|7
|
|t:|1685530197
|move|p2a: Meowstic|Light Screen|p2a: Meowstic
|-sidestart|p2: 6+5894KJGYU\U|move: Light Screen
|cant|p1a: Miltank|par
|
|-heal|p1a: Miltank|251/297 par|[from] item: Leftovers
|upkeep
|turn|8
|
|t:|1685530204
|move|p2a: Meowstic|Psychic|p1a: Miltank
|-damage|p1a: Miltank|157/297 par
|move|p1a: Miltank|Earthquake|p2a: Meowstic
|-damage|p2a: Meowstic|137/262 par
|
|-heal|p1a: Miltank|175/297 par|[from] item: Leftovers
|upkeep
|turn|9
|
|t:|1685530211
|move|p2a: Meowstic|Psychic|p1a: Miltank
|-damage|p1a: Miltank|82/297 par
|move|p1a: Miltank|Milk Drink|p1a: Miltank
|-heal|p1a: Miltank|231/297 par
|
|-heal|p1a: Miltank|249/297 par|[from] item: Leftovers
|upkeep
|turn|10
|
|t:|1685530219
|move|p2a: Meowstic|Psychic|p1a: Miltank
|-damage|p1a: Miltank|153/297 par
|move|p1a: Miltank|Toxic||[still]
|-fail|p1a: Miltank
|
|-heal|p1a: Miltank|171/297 par|[from] item: Leftovers
|upkeep
|turn|11
|
|t:|1685530226
|move|p2a: Meowstic|Psychic|p1a: Miltank
|-damage|p1a: Miltank|71/297 par
|move|p1a: Miltank|Milk Drink|p1a: Miltank
|-heal|p1a: Miltank|220/297 par
|
|-heal|p1a: Miltank|238/297 par|[from] item: Leftovers
|upkeep
|turn|12
|
|t:|1685530233
|cant|p2a: Meowstic|par
|move|p1a: Miltank|Milk Drink|p1a: Miltank
|-heal|p1a: Miltank|297/297 par
|
|-sideend|p2: 6+5894KJGYU\U|Reflect
|upkeep
|turn|13
|
|t:|1685530239
|cant|p2a: Meowstic|par
|move|p1a: Miltank|Body Slam|p2a: Meowstic
|-damage|p2a: Meowstic|58/262 par
|
|upkeep
|turn|14
|
|t:|1685530245
|move|p2a: Meowstic|Reflect|p2a: Meowstic
|-sidestart|p2: 6+5894KJGYU\U|Reflect
|cant|p1a: Miltank|par
|
|-sideend|p2: 6+5894KJGYU\U|move: Light Screen
|upkeep
|turn|15
|
|t:|1685530250
|move|p2a: Meowstic|Light Screen|p2a: Meowstic
|-sidestart|p2: 6+5894KJGYU\U|move: Light Screen
|move|p1a: Miltank|Toxic|p2a: Meowstic|[miss]
|-miss|p1a: Miltank|p2a: Meowstic
|
|upkeep
|turn|16
|
|t:|1685530254
|switch|p2a: Melmetal|Melmetal, L74|172/322
|cant|p1a: Miltank|par
|
|-heal|p2a: Melmetal|192/322|[from] item: Leftovers
|upkeep
|turn|17
|
|t:|1685530260
|cant|p1a: Miltank|par
|move|p2a: Melmetal|Double Iron Bash|p1a: Miltank
|-damage|p1a: Miltank|224/297 par
|-damage|p1a: Miltank|154/297 par
|-hitcount|p1a: Miltank|2
|
|-heal|p1a: Miltank|172/297 par|[from] item: Leftovers
|-heal|p2a: Melmetal|212/322|[from] item: Leftovers
|upkeep
|turn|18
|
|t:|1685530269
|move|p1a: Miltank|Body Slam|p2a: Melmetal
|-resisted|p2a: Melmetal
|-crit|p2a: Melmetal
|-damage|p2a: Melmetal|170/322
|-status|p2a: Melmetal|par
|move|p2a: Melmetal|Double Iron Bash|p1a: Miltank
|-damage|p1a: Miltank|100/297 par
|-damage|p1a: Miltank|27/297 par
|-hitcount|p1a: Miltank|2
|
|-heal|p1a: Miltank|45/297 par|[from] item: Leftovers
|-heal|p2a: Melmetal|190/322 par|[from] item: Leftovers
|upkeep
|turn|19
|-message|6+5894KJGYU\U forfeited.
|
|win|NoT808
|raw|NoT808's rating: 1095 &rarr; <strong>1132</strong><br />(+37 for winning)
|raw|6+5894KJGYU\U's rating: 1252 &rarr; <strong>1216</strong><br />(-36 for losing)
|l|☆6+5894KJGYU\U
