{"id": "gen8randombattle-1861609562", "p1": "Mrweirdmystery", "p2": "Harjeev the sequel", "format": "[Gen 8] Random Battle", "log": "|j|\u2606Mrweirdmystery\n|j|\u2606Harjeev the sequel\n|t:|1683780877\n|gametype|singles\n|player|p1|Mrweirdmystery|lance|\n|player|p2|Harjeev the sequel|emmet|\n|teamsize|p1|6\n|teamsize|p2|6\n|gen|8\n|tier|[Gen 8] Random Battle\n|rule|Species Clause: Limit one of each Pok\u00e9mon\n|rule|HP Percentage Mod: HP is shown in percentages\n|rule|Sleep Clause Mod: Limit one foe put to sleep\n|\n|t:|1683780877\n|start\n|switch|p1a: Celebi|Celebi, L82|298/298\n|switch|p2a: Rapidash|Rapidash, L84, M|246/246\n|turn|1\n|\n|t:|1683780889\n|switch|p1a: Beheeyem|Beheeyem, L86, M|269/269\n|move|p2a: Rapidash|Swords Dance|p2a: Rapidash\n|-boost|p2a: Rapidash|atk|2\n|\n|upkeep\n|turn|2\n|\n|t:|1683780897\n|move|p2a: Rapidash|Flare Blitz|p1a: Beheeyem\n|-damage|p1a: Beheeyem|2/269\n|-damage|p2a: Rapidash|158/246|[from] Recoil\n|move|p1a: Beheeyem|Trick Room|p1a: Beheeyem\n|-fieldstart|move: Trick Room|[of] p1a: Beheeyem\n|\n|upkeep\n|turn|3\n|\n|t:|1683780911\n|switch|p2a: Marowak|Marowak-Alola, L84, M|238/238\n|move|p1a: Beheeyem|Shadow Ball|p2a: Marowak\n|-supereffective|p2a: Marowak\n|-damage|p2a: Marowak|0 fnt\n|faint|p2a: Marowak\n|-damage|p1a: Beheeyem|0 fnt|[from] item: Life Orb\n|faint|p1a: Beheeyem\n|\n|upkeep\n|\n|t:|1683780920\n|switch|p1a: Sandaconda|Sandaconda, L84, F|258/258\n|switch|p2a: Malamar|Malamar, L80, M|269/269\n|turn|4\n|\n|t:|1683780931\n|move|p2a: Malamar|Superpower|p1a: Sandaconda\n|-damage|p1a: Sandaconda|201/258\n|-boost|p2a: Malamar|atk|1\n|-boost|p2a: Malamar|def|1\n|move|p1a: Sandaconda|Glare|p2a: Malamar\n|-status|p2a: Malamar|par\n|\n|-heal|p1a: Sandaconda|217/258|[from] item: Leftovers\n|upkeep\n|turn|5\n|\n|t:|1683780938\n|move|p2a: Malamar|Superpower|p1a: Sandaconda\n|-damage|p1a: Sandaconda|137/258\n|-boost|p2a: Malamar|atk|1\n|-boost|p2a: Malamar|def|1\n|move|p1a: Sandaconda|Stone Edge|p2a: Malamar\n|-damage|p2a: Malamar|231/269 par\n|\n|-heal|p2a: Malamar|247/269 par|[from] item: Leftovers\n|-heal|p1a: Sandaconda|153/258|[from] item: Leftovers\n|upkeep\n|turn|6\n|\n|t:|1683780944\n|move|p2a: Malamar|Superpower|p1a: Sandaconda\n|-damage|p1a: Sandaconda|31/258\n|-boost|p2a: Malamar|atk|1\n|-boost|p2a: Malamar|def|1\n|move|p1a: Sandaconda|Earthquake|p2a: Malamar\n|-damage|p2a: Malamar|193/269 par\n|\n|-heal|p2a: Malamar|209/269 par|[from] item: Leftovers\n|-heal|p1a: Sandaconda|47/258|[from] item: Leftovers\n|-fieldend|move: Trick Room\n|upkeep\n|turn|7\n|\n|t:|1683780948\n|move|p1a: Sandaconda|Rest|p1a: Sandaconda\n|-status|p1a: Sandaconda|slp|[from] move: Rest\n|-heal|p1a: Sandaconda|258/258 slp|[silent]\n|cant|p2a: Malamar|par\n|\n|-heal|p2a: Malamar|225/269 par|[from] item: Leftovers\n|upkeep\n|turn|8\n|\n|t:|1683780954\n|cant|p1a: Sandaconda|slp\n|move|p2a: Malamar|Superpower|p1a: Sandaconda\n|-damage|p1a: Sandaconda|123/258 slp\n|-boost|p2a: Malamar|atk|1\n|-boost|p2a: Malamar|def|1\n|\n|-activate|p1a: Sandaconda|ability: Shed Skin\n|-curestatus|p1a: Sandaconda|slp|[msg]\n|-heal|p1a: Sandaconda|139/258|[from] item: Leftovers\n|-heal|p2a: Malamar|241/269 par|[from] item: Leftovers\n|upkeep\n|turn|9\n|\n|t:|1683780970\n|move|p1a: Sandaconda|Stone Edge|p2a: Malamar\n|-crit|p2a: Malamar\n|-damage|p2a: Malamar|111/269 par\n|move|p2a: Malamar|Substitute|p2a: Malamar\n|-start|p2a: Malamar|Substitute\n|-damage|p2a: Malamar|44/269 par\n|\n|-heal|p1a: Sandaconda|155/258|[from] item: Leftovers\n|-heal|p2a: Malamar|60/269 par|[from] item: Leftovers\n|upkeep\n|turn|10\n|\n|t:|1683780982\n|move|p1a: Sandaconda|Stone Edge|p2a: Malamar\n|-activate|p2a: Malamar|move: Substitute|[damage]\n|move|p2a: Malamar|Superpower|p1a: Sandaconda\n|-crit|p1a: Sandaconda\n|-damage|p1a: Sandaconda|0 fnt\n|-boost|p2a: Malamar|atk|1\n|-boost|p2a: Malamar|def|1\n|faint|p1a: Sandaconda\n|\n|-heal|p2a: Malamar|76/269 par|[from] item: Leftovers\n|upkeep\n|\n|t:|1683780991\n|switch|p1a: Aegislash|Aegislash, L80, F|227/227\n|turn|11\n|\n|t:|1683780995\n|-formechange|p1a: Aegislash|Aegislash-Blade||[from] ability: Stance Change\n|move|p1a: Aegislash|Shadow Claw|p2a: Malamar\n|-end|p2a: Malamar|Substitute\n|move|p2a: Malamar|Knock Off|p1a: Aegislash\n|-supereffective|p1a: Aegislash\n|-damage|p1a: Aegislash|0 fnt\n|-enditem|p1a: Aegislash|Choice Band|[from] move: Knock Off|[of] p2a: Malamar\n|faint|p1a: Aegislash\n|\n|-heal|p2a: Malamar|92/269 par|[from] item: Leftovers\n|upkeep\n|\n|t:|1683781003\n|switch|p1a: Celebi|Celebi, L82|298/298\n|turn|12\n|\n|t:|1683781007\n|-start|p2a: Malamar|Dynamax|\n|-heal|p2a: Malamar|184/538 par|[silent]\n|move|p1a: Celebi|Giga Drain|p2a: Malamar\n|-damage|p2a: Malamar|99/538 par\n|move|p2a: Malamar|Max Darkness|p1a: Celebi\n|-supereffective|p1a: Celebi\n|-damage|p1a: Celebi|0 fnt\n|faint|p1a: Celebi\n|\n|-heal|p2a: Malamar|115/538 par|[from] item: Leftovers\n|upkeep\n|\n|t:|1683781009\n|switch|p1a: Terrakion|Terrakion, L78|270/270\n|turn|13\n|\n|t:|1683781017\n|move|p1a: Terrakion|Earthquake|p2a: Malamar\n|-damage|p2a: Malamar|83/538 par\n|-damage|p1a: Terrakion|243/270|[from] item: Life Orb\n|move|p2a: Malamar|Max Mindstorm|p1a: Terrakion\n|-supereffective|p1a: Terrakion\n|-damage|p1a: Terrakion|0 fnt\n|-fieldstart|move: Psychic Terrain\n|faint|p1a: Terrakion\n|\n|-heal|p2a: Malamar|99/538 par|[from] item: Leftovers\n|upkeep\n|\n|t:|1683781019\n|switch|p1a: Lapras|Lapras, L86, F|363/363\n|turn|14\n|\n|t:|1683781024\n|-start|p1a: Lapras|Dynamax|Gmax\n|-heal|p1a: Lapras|726/726|[silent]\n|move|p1a: Lapras|G-Max Resonance|p2a: Malamar\n|-damage|p2a: Malamar|0 fnt\n|-sidestart|p1: Mrweirdmystery|move: Aurora Veil\n|faint|p2a: Malamar\n|\n|upkeep\n|\n|t:|1683781030\n|switch|p2a: Marshadow|Marshadow, L70|242/242\n|turn|15\n|\n|t:|1683781040\n|switch|p2a: Barraskewda|Barraskewda, L80, M|229/229\n|move|p1a: Lapras|G-Max Resonance|p2a: Barraskewda\n|-resisted|p2a: Barraskewda\n|-damage|p2a: Barraskewda|120/229\n|\n|upkeep\n|turn|16\n|\n|t:|1683781043\n|move|p2a: Barraskewda|Close Combat|p1a: Lapras\n|-supereffective|p1a: Lapras\n|-damage|p1a: Lapras|587/726\n|-unboost|p2a: Barraskewda|def|1\n|-unboost|p2a: Barraskewda|spd|1\n|move|p1a: Lapras|G-Max Resonance|p2a: Barraskewda\n|-resisted|p2a: Barraskewda\n|-damage|p2a: Barraskewda|0 fnt\n|faint|p2a: Barraskewda\n|\n|-heal|p1a: Lapras|609/726|[from] item: Leftovers\n|upkeep\n|\n|t:|1683781047\n|switch|p2a: Kingdra|Kingdra, L82, M|257/257\n|-end|p1a: Lapras|Dynamax\n|-heal|p1a: Lapras|305/363|[silent]\n|turn|17\n|\n|t:|1683781054\n|move|p1a: Lapras|Protect|p1a: Lapras\n|-singleturn|p1a: Lapras|Protect\n|move|p2a: Kingdra|Draco Meteor|p1a: Lapras\n|-activate|p1a: Lapras|move: Protect\n|\n|-heal|p1a: Lapras|327/363|[from] item: Leftovers\n|-fieldend|move: Psychic Terrain\n|upkeep\n|turn|18\n|\n|t:|1683781059\n|move|p2a: Kingdra|Draco Meteor|p1a: Lapras\n|-damage|p1a: Lapras|243/363\n|-unboost|p2a: Kingdra|spa|2\n|move|p1a: Lapras|Ice Beam|p2a: Kingdra\n|-damage|p2a: Kingdra|175/257\n|\n|-heal|p1a: Lapras|265/363|[from] item: Leftovers\n|-sideend|p1: Mrweirdmystery|move: Aurora Veil\n|upkeep\n|turn|19\n|\n|t:|1683781064\n|switch|p2a: Rapidash|Rapidash, L84, M|158/246\n|move|p1a: Lapras|Toxic|p2a: Rapidash|[miss]\n|-miss|p1a: Lapras|p2a: Rapidash\n|\n|-heal|p1a: Lapras|287/363|[from] item: Leftovers\n|upkeep\n|turn|20\n|\n|t:|1683781071\n|move|p1a: Lapras|Protect|p1a: Lapras\n|-singleturn|p1a: Lapras|Protect\n|move|p2a: Rapidash|Wild Charge|p1a: Lapras\n|-activate|p1a: Lapras|move: Protect\n|\n|-heal|p1a: Lapras|309/363|[from] item: Leftovers\n|upkeep\n|turn|21\n|\n|t:|1683781074\n|move|p2a: Rapidash|Wild Charge|p1a: Lapras\n|-supereffective|p1a: Lapras\n|-damage|p1a: Lapras|173/363\n|-damage|p2a: Rapidash|124/246|[from] Recoil\n|move|p1a: Lapras|Sparkling Aria|p2a: Rapidash\n|-supereffective|p2a: Rapidash\n|-damage|p2a: Rapidash|0 fnt\n|faint|p2a: Rapidash\n|\n|-heal|p1a: Lapras|195/363|[from] item: Leftovers\n|upkeep\n|\n|t:|1683781079\n|switch|p2a: Kingdra|Kingdra, L82, M|175/257\n|turn|22\n|\n|t:|1683781083\n|move|p1a: Lapras|Protect|p1a: Lapras\n|-singleturn|p1a: Lapras|Protect\n|move|p2a: Kingdra|Draco Meteor|p1a: Lapras\n|-activate|p1a: Lapras|move: Protect\n|\n|-heal|p1a: Lapras|217/363|[from] item: Leftovers\n|upkeep\n|turn|23\n|\n|t:|1683781087\n|move|p2a: Kingdra|Draco Meteor|p1a: Lapras\n|-damage|p1a: Lapras|34/363\n|-unboost|p2a: Kingdra|spa|2\n|move|p1a: Lapras|Ice Beam|p2a: Kingdra\n|-damage|p2a: Kingdra|93/257\n|\n|-heal|p1a: Lapras|56/363|[from] item: Leftovers\n|upkeep\n|turn|24\n|\n|t:|1683781092\n|move|p1a: Lapras|Protect|p1a: Lapras\n|-singleturn|p1a: Lapras|Protect\n|move|p2a: Kingdra|Draco Meteor|p1a: Lapras\n|-activate|p1a: Lapras|move: Protect\n|\n|-heal|p1a: Lapras|78/363|[from] item: Leftovers\n|upkeep\n|turn|25\n|\n|t:|1683781096\n|move|p2a: Kingdra|Draco Meteor|p1a: Lapras\n|-damage|p1a: Lapras|0 fnt\n|-unboost|p2a: Kingdra|spa|2\n|faint|p1a: Lapras\n|\n|win|Harjeev the sequel\n|l|\u2606Mrweirdmystery\n", "inputlog": ">version bce759c5f189753f4322d11c9e5aa78bbe1b1bf9\n>start {\"formatid\":\"gen8randombattle\",\"seed\":[54400,22824,47947,10984]}\n>player p1 {\"name\":\"Mrweirdmystery\",\"avatar\":\"lance\",\"rating\":0,\"seed\":[2371,40734,45133,60111]}\n>player p2 {\"name\":\"Harjeev the sequel\",\"avatar\":\"emmet\",\"rating\":0,\"seed\":[23307,16272,33883,11993]}\n>p1 switch 6\n>p2 move swordsdance\n>p1 move trickroom\n>p2 move flareblitz\n>p1 move shadowball\n>p2 switch 5\n>p1 switch 2\n>p2 switch 2\n>p1 move glare\n>p2 move superpower\n>p1 move stoneedge\n>p2 move superpower\n>p1 move earthquake\n>p2 move superpower\n>p1 move rest\n>p2 move superpower\n>p1 move stoneedge\n>p2 move superpower\n>p1 move stoneedge\n>p2 move substitute\n>p1 move stoneedge\n>p2 move superpower\n>p1 switch 5\n>p1 move shadowclaw\n>p2 move knockoff\n>p1 switch 6\n>p1 move gigadrain\n>p2 move knockoff dynamax\n>p1 switch 4\n>p1 move earthquake\n>p2 move psychocut dynamax\n>p1 switch 3\n>p1 move icebeam dynamax\n>p2 move superpower dynamax\n>p2 switch 3\n>p1 move icebeam dynamax\n>p2 switch 4\n>p1 move icebeam dynamax\n>p2 move closecombat\n>p2 switch 6\n>p1 move protect\n>p2 move dracometeor\n>p1 move icebeam\n>p2 move dracometeor\n>p1 move toxic\n>p2 switch 5\n>p1 move protect\n>p2 move wildcharge\n>p1 move sparklingaria\n>p2 move wildcharge\n>p2 switch 5\n>p1 move protect\n>p2 move dracometeor\n>p1 move icebeam\n>p2 move dracometeor\n>p1 move protect\n>p2 move dracometeor\n>p1 move icebeam\n>p2 move dracometeor", "uploadtime": 1683781117, "views": 5, "p1id": "mrweirdmystery", "p2id": "harjeevthesequel", "formatid": "gen8randombattle", "rating": 0, "private": 0, "password": ""}