{"id": "gen8randombattle-1873034922", "p1": "MushroomButPokemon", "p2": "KeanuVGC", "format": "[Gen 8] Random Battle", "log": "|j|\u2606MushroomButPokemon\n|j|\u2606KeanuVGC\n|t:|1685315233\n|gametype|singles\n|player|p1|MushroomButPokemon|2|\n|player|p2|KeanuVGC|serena-masters3|\n|teamsize|p1|6\n|teamsize|p2|6\n|gen|8\n|tier|[Gen 8] Random Battle\n|rule|Species Clause: Limit one of each Pok\u00e9mon\n|rule|HP Percentage Mod: HP is shown in percentages\n|rule|Sleep Clause Mod: Limit one foe put to sleep\n|\n|t:|1685315233\n|start\n|switch|p1a: Persian|Persian-Alola, L82, F|241/241\n|switch|p2a: Toxapex|Toxapex, L82, F|216/216\n|turn|1\n|c|\u2606KeanuVGC|glhf\n|inactive|Battle timer is ON: inactive players will automatically lose when time's up. (requested by KeanuVGC)\n|\n|t:|1685315260\n|move|p2a: Toxapex|Baneful Bunker|p2a: Toxapex\n|-singleturn|p2a: Toxapex|move: Protect\n|move|p1a: Persian|Nasty Plot|p1a: Persian\n|-boost|p1a: Persian|spa|2\n|\n|upkeep\n|turn|2\n|\n|t:|1685315267\n|move|p1a: Persian|Thunderbolt|p2a: Toxapex\n|-supereffective|p2a: Toxapex\n|-damage|p2a: Toxapex|86/216\n|move|p2a: Toxapex|Scald|p1a: Persian\n|-damage|p1a: Persian|175/241\n|\n|-heal|p2a: Toxapex|99/216|[from] item: Black Sludge\n|upkeep\n|turn|3\n|\n|t:|1685315275\n|switch|p2a: Garbodor|Garbodor, L87, F|281/281\n|move|p1a: Persian|Thunderbolt|p2a: Garbodor\n|-damage|p2a: Garbodor|180/281\n|\n|-heal|p2a: Garbodor|197/281|[from] item: Black Sludge\n|upkeep\n|turn|4\n|\n|t:|1685315284\n|move|p1a: Persian|Hypnosis|p2a: Garbodor|[miss]\n|-miss|p1a: Persian|p2a: Garbodor\n|move|p2a: Garbodor|Toxic Spikes|p1a: Persian\n|-sidestart|p1: MushroomButPokemon|move: Toxic Spikes\n|\n|-heal|p2a: Garbodor|214/281|[from] item: Black Sludge\n|upkeep\n|turn|5\n|\n|t:|1685315310\n|move|p1a: Persian|Hypnosis|p2a: Garbodor\n|-status|p2a: Garbodor|slp|[from] move: Hypnosis\n|cant|p2a: Garbodor|slp\n|\n|-heal|p2a: Garbodor|231/281 slp|[from] item: Black Sludge\n|upkeep\n|turn|6\n|\n|t:|1685315315\n|move|p1a: Persian|Dark Pulse|p2a: Garbodor\n|-damage|p2a: Garbodor|92/281 slp\n|cant|p2a: Garbodor|slp\n|\n|-heal|p2a: Garbodor|109/281 slp|[from] item: Black Sludge\n|upkeep\n|turn|7\n|\n|t:|1685315327\n|move|p1a: Persian|Dark Pulse|p2a: Garbodor\n|-damage|p2a: Garbodor|0 fnt\n|faint|p2a: Garbodor\n|\n|upkeep\n|inactive|KeanuVGC has 270 seconds left.\n|\n|t:|1685315357\n|switch|p2a: Octillery|Octillery, L86, F|269/269\n|turn|8\n|\n|t:|1685315364\n|move|p2a: Octillery|Protect|p2a: Octillery\n|-singleturn|p2a: Octillery|Protect\n|move|p1a: Persian|Thunderbolt|p2a: Octillery\n|-activate|p2a: Octillery|move: Protect\n|\n|-ability|p2a: Octillery|Moody|boost\n|-boost|p2a: Octillery|def|2\n|-unboost|p2a: Octillery|atk|1\n|upkeep\n|turn|9\n|\n|t:|1685315372\n|move|p1a: Persian|Thunderbolt|p2a: Octillery\n|-supereffective|p2a: Octillery\n|-damage|p2a: Octillery|41/269\n|move|p2a: Octillery|Hydro Pump|p1a: Persian\n|-damage|p1a: Persian|1/241\n|\n|-heal|p2a: Octillery|57/269|[from] item: Leftovers\n|-ability|p2a: Octillery|Moody|boost\n|-boost|p2a: Octillery|spa|2\n|-unboost|p2a: Octillery|spd|1\n|upkeep\n|turn|10\n|\n|t:|1685315382\n|move|p2a: Octillery|Protect|p2a: Octillery\n|-singleturn|p2a: Octillery|Protect\n|move|p1a: Persian|Dark Pulse|p2a: Octillery\n|-activate|p2a: Octillery|move: Protect\n|\n|-heal|p2a: Octillery|73/269|[from] item: Leftovers\n|-ability|p2a: Octillery|Moody|boost\n|-boost|p2a: Octillery|spe|2\n|-unboost|p2a: Octillery|spd|1\n|upkeep\n|turn|11\n|\n|t:|1685315386\n|move|p2a: Octillery|Ice Beam|p1a: Persian\n|-damage|p1a: Persian|0 fnt\n|faint|p1a: Persian\n|\n|-heal|p2a: Octillery|89/269|[from] item: Leftovers\n|-ability|p2a: Octillery|Moody|boost\n|-boost|p2a: Octillery|spd|2\n|-unboost|p2a: Octillery|atk|1\n|upkeep\n|\n|t:|1685315396\n|switch|p1a: Gothitelle|Gothitelle, L86, F|261/261\n|-status|p1a: Gothitelle|psn\n|turn|12\n|\n|t:|1685315400\n|move|p2a: Octillery|Protect|p2a: Octillery\n|-singleturn|p2a: Octillery|Protect\n|move|p1a: Gothitelle|Thunderbolt|p2a: Octillery\n|-activate|p2a: Octillery|move: Protect\n|\n|-heal|p2a: Octillery|105/269|[from] item: Leftovers\n|-damage|p1a: Gothitelle|229/261 psn|[from] psn\n|-ability|p2a: Octillery|Moody|boost\n|-boost|p2a: Octillery|spa|2\n|-unboost|p2a: Octillery|spd|1\n|upkeep\n|turn|13\n|\n|t:|1685315406\n|move|p2a: Octillery|Hydro Pump|p1a: Gothitelle|[miss]\n|-miss|p2a: Octillery|p1a: Gothitelle\n|move|p1a: Gothitelle|Thunderbolt|p2a: Octillery\n|-supereffective|p2a: Octillery\n|-damage|p2a: Octillery|0 fnt\n|faint|p2a: Octillery\n|\n|-heal|p1a: Gothitelle|245/261 psn|[from] item: Leftovers\n|-damage|p1a: Gothitelle|213/261 psn|[from] psn\n|upkeep\n|\n|t:|1685315429\n|switch|p2a: Wobbuffet|Wobbuffet, L92, M|499/499\n|turn|14\n|\n|t:|1685315433\n|move|p1a: Gothitelle|Nasty Plot|p1a: Gothitelle\n|-boost|p1a: Gothitelle|spa|2\n|move|p2a: Wobbuffet|Mirror Coat||[still]\n|-fail|p2a: Wobbuffet\n|\n|-heal|p1a: Gothitelle|229/261 psn|[from] item: Leftovers\n|-damage|p1a: Gothitelle|197/261 psn|[from] psn\n|upkeep\n|turn|15\n|\n|t:|1685315436\n|move|p1a: Gothitelle|Nasty Plot|p1a: Gothitelle\n|-boost|p1a: Gothitelle|spa|2\n|move|p2a: Wobbuffet|Encore|p1a: Gothitelle\n|-start|p1a: Gothitelle|Encore\n|\n|-heal|p1a: Gothitelle|213/261 psn|[from] item: Leftovers\n|-damage|p1a: Gothitelle|181/261 psn|[from] psn\n|upkeep\n|turn|16\n|\n|t:|1685315444\n|switch|p2a: Froslass|Froslass, L84, F|255/255\n|-start|p1a: Gothitelle|Dynamax|\n|-heal|p1a: Gothitelle|362/522 psn|[silent]\n|move|p1a: Gothitelle|Max Phantasm|p2a: Froslass\n|-supereffective|p2a: Froslass\n|-damage|p2a: Froslass|0 fnt\n|faint|p2a: Froslass\n|\n|-heal|p1a: Gothitelle|378/522 psn|[from] item: Leftovers\n|-damage|p1a: Gothitelle|346/522 psn|[from] psn\n|upkeep\n|\n|t:|1685315455\n|switch|p2a: Greedent|Greedent, L84, F|339/339\n|turn|17\n|\n|t:|1685315459\n|move|p1a: Gothitelle|Max Mindstorm|p2a: Greedent\n|-damage|p2a: Greedent|0 fnt\n|-fieldstart|move: Psychic Terrain\n|faint|p2a: Greedent\n|\n|-heal|p1a: Gothitelle|362/522 psn|[from] item: Leftovers\n|-damage|p1a: Gothitelle|330/522 psn|[from] psn\n|upkeep\n|\n|t:|1685315462\n|switch|p2a: Wobbuffet|Wobbuffet, L92, M|499/499\n|turn|18\n|\n|t:|1685315464\n|move|p1a: Gothitelle|Max Phantasm|p2a: Wobbuffet\n|-supereffective|p2a: Wobbuffet\n|-crit|p2a: Wobbuffet\n|-damage|p2a: Wobbuffet|0 fnt\n|faint|p2a: Wobbuffet\n|\n|-heal|p1a: Gothitelle|346/522 psn|[from] item: Leftovers\n|-damage|p1a: Gothitelle|314/522 psn|[from] psn\n|-end|p1a: Gothitelle|Encore\n|upkeep\n|\n|t:|1685315467\n|switch|p2a: Toxapex|Toxapex, L82, F|171/216\n|-end|p1a: Gothitelle|Dynamax\n|-heal|p1a: Gothitelle|157/261 psn|[silent]\n|turn|19\n|-message|KeanuVGC forfeited.\n|\n|win|MushroomButPokemon\n", "inputlog": ">version d74822bbc74c095aa312053f7034baee3068d99e\n>start {\"formatid\":\"gen8randombattle\",\"seed\":[5101,5811,40523,56033]}\n>player p1 {\"name\":\"MushroomButPokemon\",\"avatar\":\"2\",\"rating\":0,\"seed\":[36347,7647,3774,27818]}\n>player p2 {\"name\":\"KeanuVGC\",\"avatar\":\"serena-masters3\",\"rating\":0,\"seed\":[39438,56423,30292,6554]}\n>chat \u2606KeanuVGC|glhf\n>p1 move nastyplot\n>p2 move banefulbunker\n>p1 move thunderbolt\n>p2 move scald\n>p1 move thunderbolt\n>p2 switch 5\n>p1 move hypnosis\n>p2 move toxicspikes\n>p1 move hypnosis\n>p2 move gunkshot\n>p1 move darkpulse\n>p2 move gunkshot\n>p1 move darkpulse\n>p2 move gunkshot\n>p2 switch 2\n>p1 move thunderbolt\n>p2 move protect\n>p1 move thunderbolt\n>p2 move hydropump\n>p1 move darkpulse\n>p2 move protect\n>p1 move darkpulse\n>p2 move icebeam\n>p1 switch 4\n>p1 move thunderbolt\n>p2 move protect\n>p1 move thunderbolt\n>p2 move hydropump\n>p2 switch 6\n>p1 move nastyplot\n>p2 move mirrorcoat\n>p1 move nastyplot\n>p2 move encore\n>p1 move shadowball dynamax\n>p2 switch 4\n>p2 switch 3\n>p1 move psychic dynamax\n>p2 move swordsdance\n>p2 switch 4\n>p1 move shadowball dynamax\n>p2 move mirrorcoat\n>p2 switch 5\n>forcelose p2", "uploadtime": 1685315479, "views": 10, "p1id": "mushroombutpokemon", "p2id": "keanuvgc", "formatid": "gen8randombattle", "rating": 0, "private": 0, "password": ""}