{"id": "gen8randombattle-1875006013", "p1": "Michielleus", "p2": "odr", "format": "[Gen 8] Random Battle", "log": "|j|\u2606Michielleus\n|j|\u2606odr\n|t:|1685559666\n|gametype|singles\n|player|p1|Michielleus|#rbtt6teammewtwo|\n|player|p2|odr|#scl1islanders|\n|teamsize|p1|6\n|teamsize|p2|6\n|gen|8\n|tier|[Gen 8] Random Battle\n|rule|Species Clause: Limit one of each Pok\u00e9mon\n|rule|HP Percentage Mod: HP is shown in percentages\n|rule|Sleep Clause Mod: Limit one foe put to sleep\n|\n|t:|1685559666\n|start\n|switch|p1a: Comfey|Comfey, L86, F|228/228\n|switch|p2a: Trevenant|Trevenant, L86, F|286/286\n|turn|1\n|inactive|Battle timer is ON: inactive players will automatically lose when time's up. (requested by Michielleus)\n|c|\u2606Michielleus|glhf\n|c|\u2606odr|hf\n|inactive|Michielleus has 270 seconds left.\n|\n|t:|1685559696\n|switch|p1a: Ho-Oh|Ho-Oh, L72|272/272\n|move|p2a: Trevenant|Poltergeist|p1a: Ho-Oh\n|-activate|p1a: Ho-Oh|move: Poltergeist|Heavy-Duty Boots\n|-damage|p1a: Ho-Oh|41/272\n|\n|upkeep\n|turn|2\n|\n|t:|1685559712\n|switch|p1a: Ninjask|Ninjask, L86, M|245/245\n|switch|p2a: Marowak|Marowak-Alola, L84, F|238/238\n|\n|upkeep\n|turn|3\n|\n|t:|1685559737\n|move|p1a: Ninjask|U-turn|p2a: Marowak\n|-resisted|p2a: Marowak\n|-damage|p2a: Marowak|223/238\n|\n|t:|1685559739\n|switch|p1a: Passimian|Passimian, L82, F|298/298|[from] U-turn\n|move|p2a: Marowak|Flame Charge|p1a: Passimian\n|-damage|p1a: Passimian|208/298\n|-boost|p2a: Marowak|spe|1\n|\n|upkeep\n|turn|4\n|inactive|odr has 270 seconds left.\n|\n|t:|1685559787\n|switch|p2a: Falinks|Falinks, L84|246/246\n|move|p1a: Passimian|Knock Off|p2a: Falinks\n|-resisted|p2a: Falinks\n|-damage|p2a: Falinks|209/246\n|-enditem|p2a: Falinks|Choice Band|[from] move: Knock Off|[of] p1a: Passimian\n|\n|upkeep\n|turn|5\n|\n|t:|1685559798\n|switch|p1a: Comfey|Comfey, L86, F|228/228\n|move|p2a: Falinks|Poison Jab|p1a: Comfey\n|-supereffective|p1a: Comfey\n|-damage|p1a: Comfey|118/228\n|\n|upkeep\n|turn|6\n|inactive|Michielleus has 270 seconds left.\n|\n|t:|1685559832\n|switch|p2a: Marowak|Marowak-Alola, L84, F|223/238\n|move|p1a: Comfey|Draining Kiss|p2a: Marowak\n|-resisted|p2a: Marowak\n|-damage|p2a: Marowak|192/238\n|-heal|p1a: Comfey|141/228|[from] drain|[of] p2a: Marowak\n|-damage|p1a: Comfey|119/228|[from] item: Life Orb\n|\n|upkeep\n|turn|7\n|inactive|Michielleus has 270 seconds left.\n|\n|t:|1685559860\n|switch|p1a: Ho-Oh|Ho-Oh, L72|131/272\n|move|p2a: Marowak|Poltergeist|p1a: Ho-Oh\n|-activate|p1a: Ho-Oh|move: Poltergeist|Heavy-Duty Boots\n|-damage|p1a: Ho-Oh|0 fnt\n|faint|p1a: Ho-Oh\n|\n|upkeep\n|\n|t:|1685559881\n|switch|p1a: Decidueye|Decidueye, L86, M|274/274\n|turn|8\n|\n|t:|1685559896\n|switch|p2a: Golisopod|Golisopod, L84, M|263/263\n|move|p1a: Decidueye|Poltergeist|p2a: Golisopod\n|-activate|p2a: Golisopod|move: Poltergeist|Choice Band\n|-damage|p2a: Golisopod|164/263\n|\n|upkeep\n|turn|9\n|\n|t:|1685559912\n|move|p2a: Golisopod|First Impression|p1a: Decidueye\n|-damage|p1a: Decidueye|88/274\n|move|p1a: Decidueye|Poltergeist|p2a: Golisopod\n|-activate|p2a: Golisopod|move: Poltergeist|Choice Band\n|-damage|p2a: Golisopod|79/263\n|-activate|p2a: Golisopod|ability: Emergency Exit\n|inactive|odr has 240 seconds left.\n|\n|t:|1685559933\n|switch|p2a: Falinks|Falinks, L84|209/246\n|\n|upkeep\n|turn|10\n|inactive|odr has 240 seconds left.\n|\n|t:|1685559961\n|switch|p1a: Comfey|Comfey, L86, F|119/228\n|move|p2a: Falinks|Throat Chop|p1a: Comfey\n|-resisted|p1a: Comfey\n|-damage|p1a: Comfey|90/228\n|-start|p1a: Comfey|Throat Chop|[silent]\n|\n|upkeep\n|turn|11\n|inactive|Michielleus has 240 seconds left.\n|\n|t:|1685559988\n|switch|p1a: Decidueye|Decidueye, L86, M|88/274\n|switch|p2a: Marowak|Marowak-Alola, L84, F|192/238\n|\n|upkeep\n|turn|12\n|inactive|Michielleus has 240 seconds left.\n|\n|t:|1685559996\n|switch|p2a: Falinks|Falinks, L84|209/246\n|move|p1a: Decidueye|Roost|p1a: Decidueye\n|-heal|p1a: Decidueye|225/274\n|-singleturn|p1a: Decidueye|move: Roost\n|\n|upkeep\n|turn|13\n|\n|t:|1685560001\n|switch|p1a: Comfey|Comfey, L86, F|90/228\n|move|p2a: Falinks|Poison Jab|p1a: Comfey\n|-supereffective|p1a: Comfey\n|-crit|p1a: Comfey\n|-damage|p1a: Comfey|0 fnt\n|faint|p1a: Comfey\n|\n|upkeep\n|\n|t:|1685560005\n|switch|p1a: Ninjask|Ninjask, L86, M|245/245\n|turn|14\n|\n|t:|1685560028\n|move|p1a: Ninjask|Acrobatics|p2a: Falinks\n|-supereffective|p2a: Falinks\n|-damage|p2a: Falinks|9/246\n|move|p2a: Falinks|Rock Slide|p1a: Ninjask\n|-supereffective|p1a: Ninjask\n|-damage|p1a: Ninjask|0 fnt\n|faint|p1a: Ninjask\n|\n|upkeep\n|\n|t:|1685560034\n|switch|p1a: Passimian|Passimian, L82, F|208/298\n|turn|15\n|\n|t:|1685560042\n|move|p1a: Passimian|Knock Off|p2a: Falinks\n|-resisted|p2a: Falinks\n|-damage|p2a: Falinks|0 fnt\n|faint|p2a: Falinks\n|\n|upkeep\n|inactive|odr has 240 seconds left.\n|inactive|odr has 210 seconds left.\n|\n|t:|1685560081\n|switch|p2a: Rotom|Rotom-Fan, L84|221/221\n|turn|16\n|\n|t:|1685560096\n|switch|p1a: Glastrier|Glastrier, L82|298/298\n|move|p2a: Rotom|Nasty Plot|p2a: Rotom\n|-boost|p2a: Rotom|spa|2\n|\n|upkeep\n|turn|17\n|\n|t:|1685560113\n|switch|p2a: Golisopod|Golisopod, L84, M|79/263\n|-start|p1a: Glastrier|Dynamax|\n|-heal|p1a: Glastrier|596/596|[silent]\n|move|p1a: Glastrier|Max Hailstorm|p2a: Golisopod\n|-resisted|p2a: Golisopod\n|-damage|p2a: Golisopod|14/263\n|-weather|Hail\n|\n|-weather|Hail|[upkeep]\n|-damage|p2a: Golisopod|0 fnt|[from] Hail\n|faint|p2a: Golisopod\n|upkeep\n|inactive|odr has 210 seconds left.\n|\n|t:|1685560135\n|switch|p2a: Marowak|Marowak-Alola, L84, F|192/238\n|turn|18\n|\n|t:|1685560138\n|move|p2a: Marowak|Flare Blitz|p1a: Glastrier\n|-supereffective|p1a: Glastrier\n|-damage|p1a: Glastrier|242/596\n|-damage|p2a: Marowak|75/238|[from] Recoil\n|move|p1a: Glastrier|Max Quake|p2a: Marowak\n|-supereffective|p2a: Marowak\n|-damage|p2a: Marowak|0 fnt\n|-boost|p1a: Glastrier|spd|1\n|faint|p2a: Marowak\n|-ability|p1a: Glastrier|Chilling Neigh|boost\n|-boost|p1a: Glastrier|atk|1\n|\n|-weather|Hail|[upkeep]\n|upkeep\n|\n|t:|1685560143\n|switch|p2a: Lycanroc|Lycanroc-Midnight, L82, F|274/274\n|turn|19\n|\n|t:|1685560149\n|move|p2a: Lycanroc|Stone Edge|p1a: Glastrier\n|-supereffective|p1a: Glastrier\n|-damage|p1a: Glastrier|29/596\n|-damage|p2a: Lycanroc|247/274|[from] item: Life Orb\n|move|p1a: Glastrier|Max Quake|p2a: Lycanroc\n|-supereffective|p2a: Lycanroc\n|-crit|p2a: Lycanroc\n|-damage|p2a: Lycanroc|0 fnt\n|-boost|p1a: Glastrier|spd|1\n|faint|p2a: Lycanroc\n|-ability|p1a: Glastrier|Chilling Neigh|boost\n|-boost|p1a: Glastrier|atk|1\n|\n|-weather|Hail|[upkeep]\n|upkeep\n|\n|t:|1685560154\n|switch|p2a: Rotom|Rotom-Fan, L84|221/221\n|-end|p1a: Glastrier|Dynamax\n|-heal|p1a: Glastrier|15/298|[silent]\n|turn|20\n|\n|t:|1685560159\n|move|p2a: Rotom|Thunderbolt|p1a: Glastrier\n|-damage|p1a: Glastrier|0 fnt\n|faint|p1a: Glastrier\n|\n|-weather|Hail|[upkeep]\n|-damage|p2a: Rotom|208/221|[from] Hail\n|upkeep\n|\n|t:|1685560164\n|switch|p1a: Decidueye|Decidueye, L86, M|225/274\n|turn|21\n|\n|t:|1685560168\n|-start|p2a: Rotom|Dynamax|\n|-heal|p2a: Rotom|416/442|[silent]\n|move|p2a: Rotom|Max Airstream|p1a: Decidueye\n|-supereffective|p1a: Decidueye\n|-damage|p1a: Decidueye|0 fnt\n|-boost|p2a: Rotom|spe|1\n|faint|p1a: Decidueye\n|\n|-weather|none\n|upkeep\n|\n|t:|1685560170\n|switch|p1a: Passimian|Passimian, L82, F|208/298\n|turn|22\n|c|\u2606odr|gg\n|\n|t:|1685560173\n|move|p2a: Rotom|Max Airstream|p1a: Passimian\n|-supereffective|p1a: Passimian\n|-damage|p1a: Passimian|0 fnt\n|-boost|p2a: Rotom|spe|1\n|faint|p1a: Passimian\n|\n|win|odr\n|c|\u2606Michielleus|gg\n|l|\u2606odr\n|l|\u2606Michielleus\n|j|\u2606odr\n|player|p2|odr|#scl1islanders\n", "inputlog": ">version df10212e8bfdc37bcabc8b288b8d2f3885a507ef\n>start {\"formatid\":\"gen8randombattle\",\"seed\":[51613,29240,61935,21528]}\n>player p1 {\"name\":\"Michielleus\",\"avatar\":\"#rbtt6teammewtwo\",\"rating\":0,\"seed\":[6021,36586,13404,24070]}\n>player p2 {\"name\":\"odr\",\"avatar\":\"#scl1islanders\",\"rating\":0,\"seed\":[9612,9562,388,48339]}\n>chat \u2606Michielleus|glhf\n>chat \u2606odr|hf\n>p1 switch 6\n>p2 move poltergeist\n>p1 switch 4\n>p2 switch 3\n>p1 move uturn\n>p2 move flamecharge\n>p1 switch 5\n>p1 move knockoff\n>p2 switch 6\n>p1 switch 6\n>p2 move poisonjab\n>p1 move drainingkiss\n>p2 switch 6\n>p1 switch 4\n>p2 move poltergeist\n>p1 switch 3\n>p1 move poltergeist\n>p2 switch 2\n>p1 move poltergeist\n>p2 move firstimpression\n>p2 switch 6\n>p1 switch 4\n>p2 move throatchop\n>p1 switch 4\n>p2 switch 2\n>p1 move roost\n>p2 switch 2\n>p1 switch 4\n>p2 move poisonjab\n>p1 switch 5\n>p1 move acrobatics\n>p2 move rockslide\n>p1 switch 6\n>p1 move knockoff\n>p2 move closecombat\n>p2 switch 4\n>p1 switch 2\n>p2 move nastyplot\n>p1 move iciclecrash dynamax\n>p2 switch 6\n>p2 switch 2\n>p1 move highhorsepower dynamax\n>p2 move flareblitz\n>p2 switch 5\n>p1 move highhorsepower dynamax\n>p2 move stoneedge\n>p2 switch 6\n>p1 move iciclecrash\n>p2 move thunderbolt\n>p1 switch 4\n>p1 move poltergeist\n>p2 move airslash dynamax\n>p1 switch 2\n>chat \u2606odr|gg\n>p1 move gunkshot\n>p2 move airslash dynamax", "uploadtime": 1685560178, "views": 11, "p1id": "michielleus", "p2id": "odr", "formatid": "gen8randombattle", "rating": 0, "private": 0, "password": ""}