{"id": "gen8randombattle-1872980537", "p1": "Bellossom01", "p2": "fujitive", "format": "[Gen 8] Random Battle", "log": "|j|\u2606Bellossom01\n|j|\u2606fujitive\n|t:|1685308172\n|gametype|singles\n|player|p1|Bellossom01|erika|\n|player|p2|fujitive|unknown|\n|teamsize|p1|6\n|teamsize|p2|6\n|gen|8\n|tier|[Gen 8] Random Battle\n|rule|Species Clause: Limit one of each Pok\u00e9mon\n|rule|HP Percentage Mod: HP is shown in percentages\n|rule|Sleep Clause Mod: Limit one foe put to sleep\n|\n|t:|1685308172\n|start\n|switch|p1a: Chandelure|Chandelure, L82, M|233/233\n|switch|p2a: Kartana|Kartana, L74|209/209\n|turn|1\n|inactive|Battle timer is ON: inactive players will automatically lose when time's up. (requested by Bellossom01)\n|c|\u2606fujitive|glhf\n|c|\u2606Bellossom01|u2\n|\n|t:|1685308220\n|switch|p2a: Mandibuzz|Mandibuzz, L82, F|315/315\n|move|p1a: Chandelure|Substitute|p1a: Chandelure\n|-start|p1a: Chandelure|Substitute\n|-damage|p1a: Chandelure|175/233\n|\n|upkeep\n|turn|2\n|\n|t:|1685308226\n|move|p2a: Mandibuzz|Foul Play|p1a: Chandelure\n|-supereffective|p1a: Chandelure\n|-end|p1a: Chandelure|Substitute\n|move|p1a: Chandelure|Fire Blast|p2a: Mandibuzz\n|-damage|p2a: Mandibuzz|158/315\n|\n|upkeep\n|turn|3\n|\n|t:|1685308239\n|switch|p1a: Tapu Fini|Tapu Fini, L78|237/237\n|-fieldstart|move: Misty Terrain|[from] ability: Misty Surge|[of] p1a: Tapu Fini\n|move|p2a: Mandibuzz|Roost|p2a: Mandibuzz\n|-heal|p2a: Mandibuzz|315/315\n|-singleturn|p2a: Mandibuzz|move: Roost\n|\n|upkeep\n|turn|4\n|\n|t:|1685308250\n|switch|p2a: Gourgeist|Gourgeist-Large, L84, F|263/263\n|-item|p1a: Tapu Fini|Leftovers|[from] ability: Frisk|[of] p2a: Gourgeist|[identify]\n|move|p1a: Tapu Fini|Moonblast|p2a: Gourgeist\n|-damage|p2a: Gourgeist|169/263\n|\n|upkeep\n|turn|5\n|\n|t:|1685308262\n|switch|p1a: Magnezone|Magnezone, L84|255/255\n|move|p2a: Gourgeist|Power Whip|p1a: Magnezone\n|-resisted|p1a: Magnezone\n|-damage|p1a: Magnezone|185/255\n|-damage|p2a: Gourgeist|143/263|[from] item: Life Orb\n|\n|upkeep\n|turn|6\n|\n|t:|1685308280\n|switch|p2a: Mamoswine|Mamoswine, L80, F|307/307\n|move|p1a: Magnezone|Volt Switch|p2a: Mamoswine\n|-immune|p2a: Mamoswine\n|\n|upkeep\n|turn|7\n|\n|t:|1685308287\n|switch|p1a: Tapu Fini|Tapu Fini, L78|237/237\n|move|p2a: Mamoswine|Earthquake|p1a: Tapu Fini\n|-damage|p1a: Tapu Fini|75/237\n|\n|-heal|p1a: Tapu Fini|89/237|[from] item: Leftovers\n|-fieldend|Misty Terrain\n|upkeep\n|turn|8\n|\n|t:|1685308298\n|switch|p2a: Gourgeist|Gourgeist-Large, L84, F|143/263\n|-item|p1a: Tapu Fini|Leftovers|[from] ability: Frisk|[of] p2a: Gourgeist|[identify]\n|-start|p1a: Tapu Fini|Dynamax|\n|-heal|p1a: Tapu Fini|178/474|[silent]\n|move|p1a: Tapu Fini|Max Geyser|p2a: Gourgeist\n|-resisted|p2a: Gourgeist\n|-damage|p2a: Gourgeist|74/263\n|-weather|RainDance\n|\n|-weather|RainDance|[upkeep]\n|-heal|p1a: Tapu Fini|192/474|[from] item: Leftovers\n|upkeep\n|turn|9\n|\n|t:|1685308310\n|move|p1a: Tapu Fini|Max Starfall|p2a: Gourgeist\n|-damage|p2a: Gourgeist|0 fnt\n|-fieldstart|move: Misty Terrain\n|faint|p2a: Gourgeist\n|\n|-weather|RainDance|[upkeep]\n|-heal|p1a: Tapu Fini|206/474|[from] item: Leftovers\n|upkeep\n|\n|t:|1685308336\n|switch|p2a: Mimikyu|Mimikyu, L76, F|209/209\n|turn|10\n|\n|t:|1685308341\n|move|p2a: Mimikyu|Swords Dance|p2a: Mimikyu\n|-boost|p2a: Mimikyu|atk|2\n|move|p1a: Tapu Fini|Max Geyser|p2a: Mimikyu\n|-activate|p2a: Mimikyu|ability: Disguise\n|-damage|p2a: Mimikyu|209/209\n|detailschange|p2a: Mimikyu|Mimikyu-Busted, L76, F\n|-damage|p2a: Mimikyu|183/209|[from] pokemon: Mimikyu-Busted\n|\n|-weather|RainDance|[upkeep]\n|-heal|p1a: Tapu Fini|220/474|[from] item: Leftovers\n|upkeep\n|-end|p1a: Tapu Fini|Dynamax\n|-heal|p1a: Tapu Fini|110/237|[silent]\n|turn|11\n|\n|t:|1685308360\n|move|p2a: Mimikyu|Shadow Claw|p1a: Tapu Fini\n|-damage|p1a: Tapu Fini|0 fnt\n|faint|p1a: Tapu Fini\n|-damage|p2a: Mimikyu|163/209|[from] item: Life Orb\n|\n|-weather|RainDance|[upkeep]\n|upkeep\n|\n|t:|1685308366\n|switch|p1a: Escavalier|Escavalier, L84, M|255/255\n|turn|12\n|\n|t:|1685308381\n|move|p2a: Mimikyu|Shadow Claw|p1a: Escavalier\n|-damage|p1a: Escavalier|119/255\n|-damage|p2a: Mimikyu|143/209|[from] item: Life Orb\n|move|p1a: Escavalier|Iron Head|p2a: Mimikyu\n|-supereffective|p2a: Mimikyu\n|-damage|p2a: Mimikyu|0 fnt\n|faint|p2a: Mimikyu\n|\n|-weather|none\n|-heal|p1a: Escavalier|134/255|[from] item: Leftovers\n|upkeep\n|\n|t:|1685308385\n|switch|p2a: Mamoswine|Mamoswine, L80, F|307/307\n|turn|13\n|\n|t:|1685308400\n|switch|p1a: Bouffalant|Bouffalant, L84, F|297/297\n|move|p2a: Mamoswine|Earthquake|p1a: Bouffalant\n|-damage|p1a: Bouffalant|137/297\n|\n|-fieldend|Misty Terrain\n|upkeep\n|turn|14\n|inactive|fujitive has 270 seconds left.\n|\n|t:|1685308430\n|switch|p2a: Mandibuzz|Mandibuzz, L82, F|315/315\n|move|p1a: Bouffalant|Close Combat|p2a: Mandibuzz\n|-damage|p2a: Mandibuzz|198/315\n|-unboost|p1a: Bouffalant|def|1\n|-unboost|p1a: Bouffalant|spd|1\n|\n|upkeep\n|turn|15\n|\n|t:|1685308440\n|switch|p1a: Magnezone|Magnezone, L84|185/255\n|move|p2a: Mandibuzz|Foul Play|p1a: Magnezone\n|-damage|p1a: Magnezone|139/255\n|\n|upkeep\n|turn|16\n|\n|t:|1685308450\n|switch|p2a: Mamoswine|Mamoswine, L80, F|307/307\n|move|p1a: Magnezone|Flash Cannon|p2a: Mamoswine\n|-supereffective|p2a: Mamoswine\n|-damage|p2a: Mamoswine|0 fnt\n|faint|p2a: Mamoswine\n|\n|upkeep\n|\n|t:|1685308462\n|switch|p2a: Kingdra|Kingdra, L82, F|257/257\n|turn|17\n|\n|t:|1685308470\n|-start|p2a: Kingdra|Dynamax|\n|-heal|p2a: Kingdra|514/514|[silent]\n|move|p2a: Kingdra|Max Geyser|p1a: Magnezone\n|-damage|p1a: Magnezone|21/255\n|-weather|RainDance\n|-damage|p2a: Kingdra|489/514|[from] item: Life Orb\n|move|p1a: Magnezone|Mirror Coat|p2a: Kingdra\n|-damage|p2a: Kingdra|253/514\n|\n|-weather|RainDance|[upkeep]\n|upkeep\n|turn|18\n|\n|t:|1685308488\n|move|p2a: Kingdra|Max Geyser|p1a: Magnezone\n|-damage|p1a: Magnezone|0 fnt\n|faint|p1a: Magnezone\n|-damage|p2a: Kingdra|228/514|[from] item: Life Orb\n|\n|-weather|RainDance|[upkeep]\n|upkeep\n|\n|t:|1685308496\n|switch|p1a: Inteleon|Inteleon, L80, M|243/243\n|turn|19\n|\n|t:|1685308503\n|switch|p1a: Escavalier|Escavalier, L84, M|134/255\n|move|p2a: Kingdra|Max Wyrmwind|p1a: Escavalier\n|-resisted|p1a: Escavalier\n|-damage|p1a: Escavalier|50/255\n|-unboost|p1a: Escavalier|atk|1\n|-damage|p2a: Kingdra|203/514|[from] item: Life Orb\n|\n|-weather|RainDance|[upkeep]\n|-heal|p1a: Escavalier|65/255|[from] item: Leftovers\n|upkeep\n|-end|p2a: Kingdra|Dynamax\n|-heal|p2a: Kingdra|102/257|[silent]\n|turn|20\n|\n|t:|1685308515\n|move|p2a: Kingdra|Hurricane|p1a: Escavalier\n|-damage|p1a: Escavalier|0 fnt\n|faint|p1a: Escavalier\n|-damage|p2a: Kingdra|77/257|[from] item: Life Orb\n|\n|-weather|RainDance|[upkeep]\n|upkeep\n|\n|t:|1685308526\n|switch|p1a: Bouffalant|Bouffalant, L84, F|137/297\n|turn|21\n|\n|t:|1685308534\n|move|p2a: Kingdra|Hydro Pump|p1a: Bouffalant\n|-damage|p1a: Bouffalant|0 fnt\n|faint|p1a: Bouffalant\n|-damage|p2a: Kingdra|52/257|[from] item: Life Orb\n|\n|-weather|none\n|upkeep\n|\n|t:|1685308540\n|switch|p1a: Inteleon|Inteleon, L80, M|243/243\n|turn|22\n|\n|t:|1685308544\n|move|p1a: Inteleon|Ice Beam|p2a: Kingdra\n|-crit|p2a: Kingdra\n|-damage|p2a: Kingdra|0 fnt\n|faint|p2a: Kingdra\n|\n|upkeep\n|\n|t:|1685308546\n|switch|p2a: Kartana|Kartana, L74|209/209\n|turn|23\n|\n|t:|1685308550\n|switch|p1a: Chandelure|Chandelure, L82, M|175/233\n|move|p2a: Kartana|Leaf Blade|p1a: Chandelure\n|-resisted|p1a: Chandelure\n|-damage|p1a: Chandelure|94/233\n|-damage|p2a: Kartana|189/209|[from] item: Life Orb\n|\n|upkeep\n|turn|24\n|\n|t:|1685308563\n|move|p2a: Kartana|Knock Off|p1a: Chandelure\n|-supereffective|p1a: Chandelure\n|-damage|p1a: Chandelure|0 fnt\n|-enditem|p1a: Chandelure|Heavy-Duty Boots|[from] move: Knock Off|[of] p2a: Kartana\n|faint|p1a: Chandelure\n|-ability|p2a: Kartana|Beast Boost|boost\n|-boost|p2a: Kartana|atk|1\n|-damage|p2a: Kartana|169/209|[from] item: Life Orb\n|\n|upkeep\n|\n|t:|1685308570\n|switch|p1a: Inteleon|Inteleon, L80, M|243/243\n|turn|25\n|\n|t:|1685308581\n|move|p1a: Inteleon|Air Slash|p2a: Kartana\n|-damage|p2a: Kartana|27/209\n|move|p2a: Kartana|Leaf Blade|p1a: Inteleon\n|-supereffective|p1a: Inteleon\n|-crit|p1a: Inteleon\n|-damage|p1a: Inteleon|0 fnt\n|faint|p1a: Inteleon\n|-damage|p2a: Kartana|7/209|[from] item: Life Orb\n|\n|win|fujitive\n|c|\u2606Bellossom01|gg\n|c|\u2606Bellossom01|that was certainly a battle\n|c|\u2606fujitive|ggs\n|c|\u2606Bellossom01|go on to win this ok\n|c|\u2606fujitive|was definitely close\n|c|\u2606fujitive|ty i\u2019ll try me best\n|c|\u2606Bellossom01|yep probs would've won with ice beam\n|c|\u2606Bellossom01|ggs\n|l|\u2606Bellossom01\n", "inputlog": ">version d74822bbc74c095aa312053f7034baee3068d99e\n>start {\"formatid\":\"gen8randombattle\",\"seed\":[6882,23080,22147,49118]}\n>player p1 {\"name\":\"Bellossom01\",\"avatar\":\"erika\",\"rating\":0,\"seed\":[60040,15096,10275,10596]}\n>player p2 {\"name\":\"fujitive\",\"avatar\":\"unknown\",\"rating\":0,\"seed\":[41535,26822,50530,40949]}\n>chat \u2606fujitive|glhf \n>chat \u2606Bellossom01|u2\n>p1 move substitute\n>p2 switch 2\n>p1 move fireblast\n>p2 move foulplay\n>p1 switch 3\n>p2 move roost\n>p1 move moonblast\n>p2 switch 4\n>p1 switch 4\n>p2 move powerwhip\n>p1 move voltswitch\n>p2 switch 5\n>p1 switch 4\n>p2 move earthquake\n>p1 move surf dynamax\n>p2 switch 5\n>p1 move moonblast dynamax\n>p2 move powerwhip\n>p2 switch 3\n>p1 move surf dynamax\n>p2 move swordsdance\n>p1 move surf\n>p2 move shadowclaw\n>p1 switch 5\n>p1 move ironhead\n>p2 move shadowclaw\n>p2 switch 5\n>p1 switch 6\n>p2 move earthquake\n>p1 move closecombat\n>p2 switch 4\n>p1 switch 4\n>p2 move foulplay\n>p1 move flashcannon\n>p2 switch 4\n>p2 switch 6\n>p1 move mirrorcoat\n>p2 move hydropump dynamax\n>p1 move voltswitch\n>p2 move hydropump dynamax\n>p1 switch 2\n>p1 switch 6\n>p2 move dracometeor dynamax\n>p1 move megahorn\n>p2 move hurricane\n>p1 switch 4\n>p1 move headcharge\n>p2 move hydropump\n>p1 switch 6\n>p1 move icebeam\n>p2 move dracometeor\n>p2 switch 2\n>p1 switch 3\n>p2 move leafblade\n>p1 move fireblast\n>p2 move knockoff\n>p1 switch 3\n>p1 move airslash\n>p2 move leafblade", "uploadtime": 1685308647, "views": 5, "p1id": "bellossom01", "p2id": "fujitive", "formatid": "gen8randombattle", "rating": 0, "private": 0, "password": ""}