{"id": "gen8randombattle-1873635060", "p1": "Devon09", "p2": "Goobed", "format": "[Gen 8] Random Battle", "log": "|j|\u2606Devon09\n|j|\u2606Goobed\n|t:|1685399213\n|gametype|singles\n|player|p1|Devon09|bellelba|\n|player|p2|Goobed|anthea|\n|teamsize|p1|6\n|teamsize|p2|6\n|gen|8\n|tier|[Gen 8] Random Battle\n|rule|Species Clause: Limit one of each Pok\u00e9mon\n|rule|HP Percentage Mod: HP is shown in percentages\n|rule|Sleep Clause Mod: Limit one foe put to sleep\n|\n|t:|1685399213\n|start\n|switch|p1a: Palkia|Palkia, L74|255/255\n|switch|p2a: Thundurus|Thundurus-Therian, L80, M|258/258\n|-ability|p1a: Palkia|Pressure\n|turn|1\n|\n|t:|1685399232\n|move|p2a: Thundurus|Nasty Plot|p2a: Thundurus\n|-boost|p2a: Thundurus|spa|2\n|move|p1a: Palkia|Fire Blast|p2a: Thundurus\n|-damage|p2a: Thundurus|153/258\n|-status|p2a: Thundurus|brn\n|\n|-damage|p2a: Thundurus|137/258 brn|[from] brn\n|upkeep\n|turn|2\n|\n|t:|1685399247\n|move|p2a: Thundurus|Thunderbolt|p1a: Palkia\n|-damage|p1a: Palkia|35/255\n|move|p1a: Palkia|Hydro Pump|p2a: Thundurus\n|-damage|p2a: Thundurus|0 fnt\n|faint|p2a: Thundurus\n|\n|upkeep\n|\n|t:|1685399260\n|switch|p2a: Gastrodon|Gastrodon-East, L84, F|324/324\n|turn|3\n|\n|t:|1685399265\n|move|p1a: Palkia|Draco Meteor|p2a: Gastrodon\n|-damage|p2a: Gastrodon|137/324\n|-unboost|p1a: Palkia|spa|2\n|move|p2a: Gastrodon|Toxic|p1a: Palkia|[miss]\n|-miss|p2a: Gastrodon|p1a: Palkia\n|\n|-heal|p2a: Gastrodon|157/324|[from] item: Leftovers\n|upkeep\n|turn|4\n|\n|t:|1685399278\n|move|p1a: Palkia|Fire Blast|p2a: Gastrodon\n|-resisted|p2a: Gastrodon\n|-damage|p2a: Gastrodon|134/324\n|move|p2a: Gastrodon|Recover|p2a: Gastrodon\n|-heal|p2a: Gastrodon|296/324\n|\n|-heal|p2a: Gastrodon|316/324|[from] item: Leftovers\n|upkeep\n|turn|5\n|\n|t:|1685399283\n|move|p1a: Palkia|Draco Meteor|p2a: Gastrodon\n|-damage|p2a: Gastrodon|213/324\n|-unboost|p1a: Palkia|spa|2\n|move|p2a: Gastrodon|Toxic|p1a: Palkia\n|-status|p1a: Palkia|tox\n|\n|-heal|p2a: Gastrodon|233/324|[from] item: Leftovers\n|-damage|p1a: Palkia|20/255 tox|[from] psn\n|upkeep\n|turn|6\n|\n|t:|1685399292\n|move|p1a: Palkia|Fire Blast|p2a: Gastrodon\n|-resisted|p2a: Gastrodon\n|-damage|p2a: Gastrodon|219/324\n|-status|p2a: Gastrodon|brn\n|move|p2a: Gastrodon|Recover|p2a: Gastrodon\n|-heal|p2a: Gastrodon|324/324 brn\n|\n|-damage|p1a: Palkia|0 fnt|[from] psn\n|faint|p1a: Palkia\n|-damage|p2a: Gastrodon|304/324 brn|[from] brn\n|upkeep\n|\n|t:|1685399304\n|switch|p1a: Diggersby|Diggersby, L80, M|267/267\n|turn|7\n|\n|t:|1685399310\n|switch|p2a: Trevenant|Trevenant, L86, M|286/286\n|move|p1a: Diggersby|Swords Dance|p1a: Diggersby\n|-boost|p1a: Diggersby|atk|2\n|\n|upkeep\n|turn|8\n|\n|t:|1685399323\n|move|p1a: Diggersby|Knock Off|p2a: Trevenant\n|-supereffective|p2a: Trevenant\n|-damage|p2a: Trevenant|0 fnt\n|-enditem|p2a: Trevenant|Choice Band|[from] move: Knock Off|[of] p1a: Diggersby\n|faint|p2a: Trevenant\n|-damage|p1a: Diggersby|241/267|[from] item: Life Orb\n|\n|upkeep\n|\n|t:|1685399332\n|switch|p2a: Regidrago|Regidrago, L78|440/440\n|turn|9\n|\n|t:|1685399347\n|move|p1a: Diggersby|Earthquake|p2a: Regidrago\n|-damage|p2a: Regidrago|0 fnt\n|faint|p2a: Regidrago\n|-damage|p1a: Diggersby|215/267|[from] item: Life Orb\n|\n|upkeep\n|\n|t:|1685399361\n|switch|p2a: Cofagrigus|Cofagrigus, L86, M|240/240\n|turn|10\n|\n|t:|1685399369\n|move|p1a: Diggersby|Knock Off|p2a: Cofagrigus\n|-supereffective|p2a: Cofagrigus\n|-damage|p2a: Cofagrigus|0 fnt\n|-activate|p2a: Cofagrigus|ability: Mummy|Huge Power|[of] p1a: Diggersby\n|-enditem|p2a: Cofagrigus|Leftovers|[from] move: Knock Off|[of] p1a: Diggersby\n|faint|p2a: Cofagrigus\n|-damage|p1a: Diggersby|189/267|[from] item: Life Orb\n|\n|upkeep\n|c|\u2606Devon09|Smart move\n|-message|Goobed forfeited.\n|\n|win|Devon09\n|l|\u2606Goobed\n", "inputlog": ">version 6fec31d5a0d4498a06105aa188c9906bc0b6bf95\n>start {\"formatid\":\"gen8randombattle\",\"seed\":[59476,61640,8969,53843]}\n>player p1 {\"name\":\"Devon09\",\"avatar\":\"bellelba\",\"rating\":0,\"seed\":[23702,1979,42712,9689]}\n>player p2 {\"name\":\"Goobed\",\"avatar\":\"anthea\",\"rating\":0,\"seed\":[60656,63970,2564,32596]}\n>p1 move fireblast\n>p2 move nastyplot\n>p1 move hydropump\n>p2 move thunderbolt\n>p2 switch 5\n>p1 move dracometeor\n>p2 move toxic\n>p1 move fireblast\n>p2 move recover\n>p1 move dracometeor\n>p2 move toxic\n>p1 move fireblast\n>p2 move recover\n>p1 switch 6\n>p1 move swordsdance\n>p2 switch 4\n>p1 move knockoff\n>p2 move woodhammer\n>p2 switch 3\n>p1 move earthquake\n>p2 move hammerarm\n>p2 switch 6\n>p1 move knockoff\n>p2 move willowisp\n>chat \u2606Devon09|Smart move\n>forcelose p2", "uploadtime": 1685399384, "views": 5, "p1id": "devon09", "p2id": "goobed", "formatid": "gen8randombattle", "rating": 0, "private": 0, "password": ""}