|j|☆chankete
|j|☆Sparna_of_Yomi
|t:|1685387552
|gametype|singles
|player|p1|chankete|1|1411
|player|p2|Sparna_of_Yomi|blackbelt|1463
|teamsize|p1|6
|teamsize|p2|6
|gen|8
|tier|[Gen 8] Random Battle
|rated|
|rule|Species Clause: Limit one of each Pokémon
|rule|HP Percentage Mod: HP is shown in percentages
|rule|Sleep Clause Mod: Limit one foe put to sleep
|
|t:|1685387552
|start
|switch|p1a: Durant|Durant, L78, F|219/219
|switch|p2a: Sawk|Sawk, L86, M|269/269
|-ability|p2a: Sawk|Mold Breaker
|turn|1
|
|t:|1685387567
|switch|p1a: Carbink|Carbink, L86|226/226
|switch|p2a: Qwilfish|Qwilfish, L84, F|246/246
|-ability|p2a: Qwilfish|Intimidate|boost
|-unboost|p1a: Carbink|atk|1
|
|upkeep
|turn|2
|
|t:|1685387570
|move|p2a: Qwilfish|Taunt|p1a: Carbink
|-start|p1a: Carbink|move: Taunt
|cant|p1a: Carbink|move: Taunt|Stealth Rock
|
|upkeep
|turn|3
|
|t:|1685387579
|switch|p1a: Slowbro|Slowbro-Galar, L86, M|304/304
|move|p2a: Qwilfish|Toxic Spikes|p1a: Slowbro
|-sidestart|p1: chankete|move: Toxic Spikes
|
|upkeep
|turn|4
|
|t:|1685387592
|switch|p2a: Jellicent|Jellicent, L84, M|305/305
|move|p1a: Slowbro|Trick|p2a: Jellicent
|-activate|p1a: Slowbro|move: Trick|[of] p2a: Jellicent
|-item|p2a: Jellicent|Choice Specs|[from] move: Trick
|-item|p1a: Slowbro|Leftovers|[from] move: Trick
|
|upkeep
|turn|5
|
|t:|1685387603
|move|p2a: Jellicent|Shadow Ball|p1a: Slowbro
|-supereffective|p1a: Slowbro
|-damage|p1a: Slowbro|50/304
|move|p1a: Slowbro|Shell Side Arm|p2a: Jellicent|[anim] Shell Side Arm Physical
|-resisted|p2a: Jellicent
|-damage|p2a: Jellicent|242/305
|-hint|Physical Shell Side Arm
|
|-heal|p1a: Slowbro|69/304|[from] item: Leftovers
|upkeep
|turn|6
|
|t:|1685387610
|switch|p1a: Durant|Durant, L78, F|219/219
|move|p2a: Jellicent|Shadow Ball|p1a: Durant
|-damage|p1a: Durant|27/219
|
|upkeep
|turn|7
|
|t:|1685387616
|switch|p2a: Qwilfish|Qwilfish, L84, F|246/246
|-ability|p2a: Qwilfish|Intimidate|boost
|-unboost|p1a: Durant|atk|1
|move|p1a: Durant|Rock Slide|p2a: Qwilfish
|-damage|p2a: Qwilfish|180/246
|-damage|p1a: Durant|6/219|[from] item: Life Orb
|
|-heal|p2a: Qwilfish|195/246|[from] item: Black Sludge
|upkeep
|turn|8
|
|t:|1685387625
|move|p1a: Durant|Hone Claws|p1a: Durant
|-boost|p1a: Durant|atk|1
|-boost|p1a: Durant|accuracy|1
|move|p2a: Qwilfish|Waterfall|p1a: Durant
|-damage|p1a: Durant|0 fnt
|faint|p1a: Durant
|
|-heal|p2a: Qwilfish|210/246|[from] item: Black Sludge
|upkeep
|
|t:|1685387629
|switch|p1a: Slowbro|Slowbro-Galar, L86, M|170/304
|-sideend|p1: chankete|move: Toxic Spikes|[of] p1a: Slowbro
|turn|9
|
|t:|1685387636
|switch|p1a: Quagsire|Quagsire, L84, F|297/297
|move|p2a: Qwilfish|Toxic Spikes|p1a: Quagsire
|-sidestart|p1: chankete|move: Toxic Spikes
|
|-heal|p2a: Qwilfish|225/246|[from] item: Black Sludge
|upkeep
|turn|10
|
|t:|1685387640
|move|p2a: Qwilfish|Taunt|p1a: Quagsire
|-start|p1a: Quagsire|move: Taunt
|move|p1a: Quagsire|Earthquake|p2a: Qwilfish
|-supereffective|p2a: Qwilfish
|-damage|p2a: Qwilfish|31/246
|
|-heal|p2a: Qwilfish|46/246|[from] item: Black Sludge
|upkeep
|turn|11
|
|t:|1685387655
|switch|p2a: Mr. Rime|Mr. Rime, L86, M|278/278
|switch|p1a: Slowbro|Slowbro-Galar, L86, M|271/304
|-sideend|p1: chankete|move: Toxic Spikes|[of] p1a: Slowbro
|
|-heal|p1a: Slowbro|290/304|[from] item: Leftovers
|upkeep
|turn|12
|
|t:|1685387662
|switch|p1a: Carbink|Carbink, L86|226/226
|move|p2a: Mr. Rime|Psychic|p1a: Carbink
|-damage|p1a: Carbink|151/226
|
|upkeep
|turn|13
|
|t:|1685387667
|switch|p2a: Espeon|Espeon, L82, F|241/241
|move|p1a: Carbink|Stealth Rock|p2a: Espeon
|move|p2a: Espeon|Stealth Rock|p1a: Carbink|[from]ability: Magic Bounce
|-sidestart|p1: chankete|move: Stealth Rock
|
|upkeep
|turn|14
|
|t:|1685387681
|move|p2a: Espeon|Psychic|p1a: Carbink
|-damage|p1a: Carbink|82/226
|move|p1a: Carbink|Light Screen|p1a: Carbink
|-sidestart|p1: chankete|move: Light Screen
|
|upkeep
|turn|15
|
|t:|1685387685
|move|p2a: Espeon|Psychic|p1a: Carbink
|-damage|p1a: Carbink|46/226
|move|p1a: Carbink|Moonblast|p2a: Espeon
|-damage|p2a: Espeon|178/241
|-unboost|p2a: Espeon|spa|1
|
|-heal|p2a: Espeon|193/241|[from] item: Leftovers
|upkeep
|turn|16
|
|t:|1685387694
|switch|p2a: Qwilfish|Qwilfish, L84, F|46/246
|-ability|p2a: Qwilfish|Intimidate|boost
|-unboost|p1a: Carbink|atk|1
|move|p1a: Carbink|Reflect|p1a: Carbink
|-sidestart|p1: chankete|Reflect
|
|-heal|p2a: Qwilfish|61/246|[from] item: Black Sludge
|upkeep
|turn|17
|
|t:|1685387698
|move|p2a: Qwilfish|Toxic Spikes|p1a: Carbink
|-sidestart|p1: chankete|move: Toxic Spikes
|move|p1a: Carbink|Stealth Rock|p2a: Qwilfish
|-sidestart|p2: Sparna_of_Yomi|move: Stealth Rock
|
|-heal|p2a: Qwilfish|76/246|[from] item: Black Sludge
|upkeep
|turn|18
|
|t:|1685387703
|move|p2a: Qwilfish|Waterfall|p1a: Carbink
|-supereffective|p1a: Carbink
|-damage|p1a: Carbink|0 fnt
|faint|p1a: Carbink
|
|-heal|p2a: Qwilfish|91/246|[from] item: Black Sludge
|upkeep
|
|t:|1685387706
|switch|p1a: Slowbro|Slowbro-Galar, L86, M|304/304
|-damage|p1a: Slowbro|266/304|[from] Stealth Rock
|-sideend|p1: chankete|move: Toxic Spikes|[of] p1a: Slowbro
|turn|19
|
|t:|1685387716
|move|p2a: Qwilfish|Thunder Wave|p1a: Slowbro
|-status|p1a: Slowbro|par
|move|p1a: Slowbro|Psychic|p2a: Qwilfish
|-supereffective|p2a: Qwilfish
|-damage|p2a: Qwilfish|0 fnt
|faint|p2a: Qwilfish
|
|-heal|p1a: Slowbro|285/304 par|[from] item: Leftovers
|upkeep
|
|t:|1685387721
|switch|p2a: Mr. Rime|Mr. Rime, L86, M|278/278
|-activate|p2a: Mr. Rime|ability: Screen Cleaner
|-sideend|p1: chankete|Reflect
|-sideend|p1: chankete|move: Light Screen
|turn|20
|
|t:|1685387725
|move|p2a: Mr. Rime|Psychic|p1a: Slowbro
|-damage|p1a: Slowbro|153/304 par
|move|p1a: Slowbro|Flamethrower|p2a: Mr. Rime
|-supereffective|p2a: Mr. Rime
|-damage|p2a: Mr. Rime|158/278
|
|-heal|p1a: Slowbro|172/304 par|[from] item: Leftovers
|upkeep
|turn|21
|
|t:|1685387733
|switch|p2a: Jellicent|Jellicent, L84, M|242/305
|-damage|p2a: Jellicent|204/305|[from] Stealth Rock
|move|p1a: Slowbro|Flamethrower|p2a: Jellicent
|-resisted|p2a: Jellicent
|-damage|p2a: Jellicent|173/305
|
|-heal|p1a: Slowbro|191/304 par|[from] item: Leftovers
|upkeep
|turn|22
|
|t:|1685387741
|switch|p1a: Quagsire|Quagsire, L84, F|297/297
|-damage|p1a: Quagsire|279/297|[from] Stealth Rock
|move|p2a: Jellicent|Shadow Ball|p1a: Quagsire
|-damage|p1a: Quagsire|146/297
|
|-heal|p1a: Quagsire|164/297|[from] item: Leftovers
|upkeep
|turn|23
|inactive|Battle timer is ON: inactive players will automatically lose when time's up. (requested by chankete)
|
|t:|1685387750
|move|p2a: Jellicent|Shadow Ball|p1a: Quagsire
|-damage|p1a: Quagsire|23/297
|move|p1a: Quagsire|Earthquake|p2a: Jellicent
|-damage|p2a: Jellicent|61/305
|
|-heal|p1a: Quagsire|41/297|[from] item: Leftovers
|upkeep
|turn|24
|
|t:|1685387772
|move|p2a: Jellicent|Shadow Ball|p1a: Quagsire
|-damage|p1a: Quagsire|0 fnt
|faint|p1a: Quagsire
|
|upkeep
|
|t:|1685387775
|switch|p1a: Slowbro|Slowbro-Galar, L86, M|292/304 par
|-damage|p1a: Slowbro|254/304 par|[from] Stealth Rock
|turn|25
|
|t:|1685387782
|move|p2a: Jellicent|Shadow Ball|p1a: Slowbro
|-supereffective|p1a: Slowbro
|-damage|p1a: Slowbro|8/304 par
|-unboost|p1a: Slowbro|spd|1
|move|p1a: Slowbro|Psychic|p2a: Jellicent
|-damage|p2a: Jellicent|0 fnt
|faint|p2a: Jellicent
|
|-heal|p1a: Slowbro|27/304 par|[from] item: Leftovers
|upkeep
|
|t:|1685387790
|switch|p2a: Persian|Persian, L88, M|258/258
|-damage|p2a: Persian|226/258|[from] Stealth Rock
|turn|26
|
|t:|1685387810
|move|p2a: Persian|U-turn|p1a: Slowbro
|-damage|p1a: Slowbro|0 fnt
|faint|p1a: Slowbro
|
|t:|1685387814
|switch|p2a: Espeon|Espeon, L82, F|193/241|[from] U-turn
|-damage|p2a: Espeon|163/241|[from] Stealth Rock
|
|-heal|p2a: Espeon|178/241|[from] item: Leftovers
|upkeep
|
|t:|1685387818
|switch|p1a: Tornadus|Tornadus, L80, M|258/258
|turn|27
|
|t:|1685387834
|-start|p2a: Espeon|Dynamax|
|-heal|p2a: Espeon|356/482|[silent]
|move|p1a: Tornadus|Nasty Plot|p1a: Tornadus
|-boost|p1a: Tornadus|spa|2
|move|p2a: Espeon|Max Mindstorm|p1a: Tornadus
|-damage|p1a: Tornadus|65/258
|-fieldstart|move: Psychic Terrain
|
|-heal|p2a: Espeon|371/482|[from] item: Leftovers
|upkeep
|turn|28
|
|t:|1685387843
|-start|p1a: Tornadus|Dynamax|
|-heal|p1a: Tornadus|130/516|[silent]
|move|p2a: Espeon|Max Mindstorm|p1a: Tornadus
|-damage|p1a: Tornadus|0 fnt
|faint|p1a: Tornadus
|
|-heal|p2a: Espeon|386/482|[from] item: Leftovers
|upkeep
|
|t:|1685387857
|switch|p1a: Salazzle|Salazzle, L82, F|246/246
|-damage|p1a: Salazzle|185/246|[from] Stealth Rock
|turn|29
|
|t:|1685387863
|move|p1a: Salazzle|Substitute|p1a: Salazzle
|-start|p1a: Salazzle|Substitute
|-damage|p1a: Salazzle|124/246
|move|p2a: Espeon|Max Mindstorm|p1a: Salazzle
|-supereffective|p1a: Salazzle
|-end|p1a: Salazzle|Substitute
|
|-heal|p1a: Salazzle|139/246|[from] item: Black Sludge
|-heal|p2a: Espeon|401/482|[from] item: Leftovers
|upkeep
|-end|p2a: Espeon|Dynamax
|-heal|p2a: Espeon|201/241|[silent]
|turn|30
|
|t:|1685387867
|move|p1a: Salazzle|Toxic|p2a: Espeon
|move|p2a: Espeon|Toxic|p1a: Salazzle|[from]ability: Magic Bounce
|-immune|p1a: Salazzle
|move|p2a: Espeon|Psychic|p1a: Salazzle
|-supereffective|p1a: Salazzle
|-damage|p1a: Salazzle|0 fnt
|faint|p1a: Salazzle
|
|win|Sparna_of_Yomi
|raw|chankete's rating: 1411 &rarr; <strong>1394</strong><br />(-17 for losing)
|raw|Sparna_of_Yomi's rating: 1463 &rarr; <strong>1480</strong><br />(+17 for winning)
