{"id": "gen8randombattle-1688406695", "p1": "Memezboi69", "p2": "JJ09LIE", "format": "[Gen 8] Random Battle", "log": "|j|\u2606Memezboi69\n|j|\u2606JJ09LIE\n|t:|1666061904\n|gametype|singles\n|player|p1|Memezboi69|thorton|2452\n|player|p2|JJ09LIE|akari|2442\n|teamsize|p1|6\n|teamsize|p2|6\n|gen|8\n|tier|[Gen 8] Random Battle\n|rated|\n|rule|Species Clause: Limit one of each Pok\u00e9mon\n|rule|HP Percentage Mod: HP is shown in percentages\n|rule|Sleep Clause Mod: Limit one foe put to sleep\n|\n|t:|1666061904\n|start\n|switch|p1a: Runerigus|Runerigus, L84, M|235/235\n|switch|p2a: Blacephalon|Blacephalon, L80|215/215\n|turn|1\n|inactive|Battle timer is ON: inactive players will automatically lose when time's up. (requested by Memezboi69)\n|inactive|JJ09LIE also wants the timer to be on.\n|\n|t:|1666061909\n|move|p2a: Blacephalon|Shadow Ball|p1a: Runerigus\n|-supereffective|p1a: Runerigus\n|-damage|p1a: Runerigus|43/235\n|move|p1a: Runerigus|Earthquake|p2a: Blacephalon\n|-supereffective|p2a: Blacephalon\n|-enditem|p2a: Blacephalon|Focus Sash\n|-damage|p2a: Blacephalon|1/215\n|\n|-heal|p1a: Runerigus|57/235|[from] item: Leftovers\n|upkeep\n|turn|2\n|\n|t:|1666061917\n|switch|p1a: Rhydon|Rhydon, L87, F|324/324\n|move|p2a: Blacephalon|Psyshock|p1a: Rhydon\n|-damage|p1a: Rhydon|285/324\n|\n|upkeep\n|turn|3\n|\n|t:|1666061921\n|move|p2a: Blacephalon|Shadow Ball|p1a: Rhydon\n|-damage|p1a: Rhydon|168/324\n|move|p1a: Rhydon|Earthquake|p2a: Blacephalon\n|-supereffective|p2a: Blacephalon\n|-damage|p2a: Blacephalon|0 fnt\n|faint|p2a: Blacephalon\n|\n|upkeep\n|j| eatingbeans69\n|\n|t:|1666061928\n|switch|p2a: Regirock|Regirock, L85|275/275\n|turn|4\n|\n|t:|1666061931\n|move|p2a: Regirock|Body Press|p1a: Rhydon\n|-supereffective|p1a: Rhydon\n|-damage|p1a: Rhydon|62/324\n|move|p1a: Rhydon|Earthquake|p2a: Regirock\n|-supereffective|p2a: Regirock\n|-crit|p2a: Regirock\n|-damage|p2a: Regirock|65/275\n|\n|upkeep\n|turn|5\n|\n|t:|1666061944\n|move|p2a: Regirock|Rest|p2a: Regirock\n|-status|p2a: Regirock|slp|[from] move: Rest\n|-heal|p2a: Regirock|275/275 slp|[silent]\n|-enditem|p2a: Regirock|Chesto Berry|[eat]\n|-curestatus|p2a: Regirock|slp|[msg]\n|move|p1a: Rhydon|Earthquake|p2a: Regirock\n|-supereffective|p2a: Regirock\n|-damage|p2a: Regirock|129/275\n|\n|upkeep\n|turn|6\n|\n|t:|1666061946\n|move|p2a: Regirock|Body Press|p1a: Rhydon\n|-supereffective|p1a: Rhydon\n|-damage|p1a: Rhydon|0 fnt\n|faint|p1a: Rhydon\n|\n|upkeep\n|\n|t:|1666061951\n|switch|p1a: Genesect|Genesect-Douse, L74|227/227\n|-ability|p1a: Genesect|Download|boost\n|-boost|p1a: Genesect|spa|1\n|turn|7\n|\n|t:|1666061953\n|move|p1a: Genesect|Techno Blast|p2a: Regirock\n|-supereffective|p2a: Regirock\n|-damage|p2a: Regirock|0 fnt\n|faint|p2a: Regirock\n|\n|upkeep\n|\n|t:|1666061955\n|switch|p2a: Darmanitan|Darmanitan, L80, F|299/299\n|turn|8\n|\n|t:|1666061961\n|switch|p1a: Runerigus|Runerigus, L84, M|57/235\n|move|p2a: Darmanitan|Flare Blitz|p1a: Runerigus\n|-damage|p1a: Runerigus|0 fnt\n|-activate|p1a: Runerigus|ability: Wandering Spirit|Sheer Force|Wandering Spirit|[of] p2a: Darmanitan\n|faint|p1a: Runerigus\n|-damage|p2a: Darmanitan|280/299|[from] Recoil\n|-damage|p2a: Darmanitan|251/299|[from] item: Life Orb\n|\n|upkeep\n|\n|t:|1666061963\n|switch|p1a: Clawitzer|Clawitzer, L84, M|256/256\n|turn|9\n|\n|t:|1666061965\n|move|p2a: Darmanitan|U-turn|p1a: Clawitzer\n|-damage|p1a: Clawitzer|169/256\n|-damage|p2a: Darmanitan|222/299|[from] item: Life Orb\n|\n|t:|1666061967\n|switch|p2a: Cresselia|Cresselia, L80, F|323/323\n|move|p1a: Clawitzer|Dark Pulse|p2a: Cresselia\n|-supereffective|p2a: Cresselia\n|-damage|p2a: Cresselia|109/323\n|\n|-heal|p2a: Cresselia|129/323|[from] item: Leftovers\n|upkeep\n|turn|10\n|\n|t:|1666061973\n|switch|p2a: Morpeko|Morpeko, L86, F|240/240\n|move|p1a: Clawitzer|Dark Pulse|p2a: Morpeko\n|-resisted|p2a: Morpeko\n|-damage|p2a: Morpeko|137/240\n|\n|-formechange|p2a: Morpeko|Morpeko-Hangry||[from] ability: Hunger Switch\n|upkeep\n|turn|11\n|\n|t:|1666061980\n|switch|p1a: Lurantis|Lurantis, L86, F|261/261\n|move|p2a: Morpeko|Aura Wheel|p1a: Lurantis\n|-damage|p1a: Lurantis|101/261\n|-boost|p2a: Morpeko|spe|1\n|\n|-formechange|p2a: Morpeko|Morpeko||[from] ability: Hunger Switch\n|upkeep\n|turn|12\n|\n|t:|1666061991\n|switch|p2a: Cresselia|Cresselia, L80, F|129/323\n|move|p1a: Lurantis|Leaf Storm|p2a: Cresselia\n|-damage|p2a: Cresselia|7/323\n|-boost|p1a: Lurantis|spa|2\n|-damage|p1a: Lurantis|75/261|[from] item: Life Orb\n|\n|-heal|p2a: Cresselia|27/323|[from] item: Leftovers\n|upkeep\n|turn|13\n|\n|t:|1666061994\n|move|p2a: Cresselia|Psyshock|p1a: Lurantis\n|-damage|p1a: Lurantis|17/261\n|move|p1a: Lurantis|Leaf Storm|p2a: Cresselia|[miss]\n|-miss|p1a: Lurantis|p2a: Cresselia\n|\n|-heal|p2a: Cresselia|47/323|[from] item: Leftovers\n|upkeep\n|turn|14\n|\n|t:|1666062009\n|move|p2a: Cresselia|Psyshock|p1a: Lurantis\n|-damage|p1a: Lurantis|0 fnt\n|faint|p1a: Lurantis\n|\n|-heal|p2a: Cresselia|67/323|[from] item: Leftovers\n|upkeep\n|\n|t:|1666062016\n|switch|p1a: Genesect|Genesect-Douse, L74|227/227\n|-ability|p1a: Genesect|Download|boost\n|-boost|p1a: Genesect|atk|1\n|turn|15\n|\n|t:|1666062025\n|move|p1a: Genesect|U-turn|p2a: Cresselia\n|-supereffective|p2a: Cresselia\n|-damage|p2a: Cresselia|0 fnt\n|faint|p2a: Cresselia\n|\n|t:|1666062028\n|switch|p1a: Gardevoir|Gardevoir, L82, F|246/246\n|\n|upkeep\n|\n|t:|1666062037\n|switch|p2a: Darmanitan|Darmanitan, L80, F|222/299\n|-ability|p1a: Gardevoir|Sheer Force|[from] ability: Trace|[of] p2a: Darmanitan\n|turn|16\n|\n|t:|1666062050\n|move|p2a: Darmanitan|U-turn|p1a: Gardevoir\n|-damage|p1a: Gardevoir|145/246\n|-damage|p2a: Darmanitan|193/299|[from] item: Life Orb\n|\n|t:|1666062052\n|switch|p2a: Escavalier|Escavalier, L84, M|255/255\n|move|p1a: Gardevoir|Psyshock|p2a: Escavalier\n|-resisted|p2a: Escavalier\n|-damage|p2a: Escavalier|210/255\n|\n|-heal|p1a: Gardevoir|160/246|[from] item: Leftovers\n|-heal|p2a: Escavalier|225/255|[from] item: Leftovers\n|upkeep\n|turn|17\n|\n|t:|1666062061\n|switch|p2a: Darmanitan|Darmanitan, L80, F|193/299\n|move|p1a: Gardevoir|Moonblast|p2a: Darmanitan\n|-resisted|p2a: Darmanitan\n|-damage|p2a: Darmanitan|87/299\n|\n|-heal|p1a: Gardevoir|175/246|[from] item: Leftovers\n|upkeep\n|turn|18\n|\n|t:|1666062068\n|move|p2a: Darmanitan|U-turn|p1a: Gardevoir\n|-damage|p1a: Gardevoir|80/246\n|-damage|p2a: Darmanitan|58/299|[from] item: Life Orb\n|\n|t:|1666062070\n|switch|p2a: Escavalier|Escavalier, L84, M|225/255\n|move|p1a: Gardevoir|Moonblast|p2a: Escavalier\n|-resisted|p2a: Escavalier\n|-damage|p2a: Escavalier|164/255\n|\n|-heal|p1a: Gardevoir|95/246|[from] item: Leftovers\n|-heal|p2a: Escavalier|179/255|[from] item: Leftovers\n|upkeep\n|turn|19\n|\n|t:|1666062073\n|move|p1a: Gardevoir|Moonblast|p2a: Escavalier\n|-resisted|p2a: Escavalier\n|-damage|p2a: Escavalier|113/255\n|move|p2a: Escavalier|Swords Dance|p2a: Escavalier\n|-boost|p2a: Escavalier|atk|2\n|\n|-heal|p1a: Gardevoir|110/246|[from] item: Leftovers\n|-heal|p2a: Escavalier|128/255|[from] item: Leftovers\n|upkeep\n|turn|20\n|\n|t:|1666062077\n|move|p1a: Gardevoir|Moonblast|p2a: Escavalier\n|-resisted|p2a: Escavalier\n|-damage|p2a: Escavalier|63/255\n|move|p2a: Escavalier|Knock Off|p1a: Gardevoir\n|-damage|p1a: Gardevoir|0 fnt\n|-enditem|p1a: Gardevoir|Leftovers|[from] move: Knock Off|[of] p2a: Escavalier\n|faint|p1a: Gardevoir\n|\n|-heal|p2a: Escavalier|78/255|[from] item: Leftovers\n|upkeep\n|\n|t:|1666062097\n|switch|p1a: Genesect|Genesect-Douse, L74|227/227\n|-ability|p1a: Genesect|Download|boost\n|-boost|p1a: Genesect|spa|1\n|turn|21\n|\n|t:|1666062106\n|-start|p2a: Escavalier|Dynamax|\n|-heal|p2a: Escavalier|156/510|[silent]\n|move|p1a: Genesect|Techno Blast|p2a: Escavalier\n|-damage|p2a: Escavalier|51/510\n|move|p2a: Escavalier|Max Flutterby|p1a: Genesect\n|-resisted|p1a: Genesect\n|-damage|p1a: Genesect|0 fnt\n|faint|p1a: Genesect\n|\n|-heal|p2a: Escavalier|66/510|[from] item: Leftovers\n|upkeep\n|\n|t:|1666062108\n|switch|p1a: Clawitzer|Clawitzer, L84, M|169/256\n|turn|22\n|\n|t:|1666062111\n|move|p1a: Clawitzer|Scald|p2a: Escavalier\n|-damage|p2a: Escavalier|0 fnt\n|faint|p2a: Escavalier\n|\n|upkeep\n|\n|t:|1666062124\n|switch|p2a: Darmanitan|Darmanitan, L80, F|58/299\n|turn|23\n|\n|t:|1666062127\n|-start|p1a: Clawitzer|Dynamax|\n|-heal|p1a: Clawitzer|338/512|[silent]\n|move|p2a: Darmanitan|Superpower|p1a: Clawitzer\n|-damage|p1a: Clawitzer|209/512\n|-unboost|p2a: Darmanitan|atk|1\n|-unboost|p2a: Darmanitan|def|1\n|-damage|p2a: Darmanitan|29/299|[from] item: Life Orb\n|move|p1a: Clawitzer|Max Geyser|p2a: Darmanitan\n|-supereffective|p2a: Darmanitan\n|-damage|p2a: Darmanitan|0 fnt\n|-weather|RainDance\n|faint|p2a: Darmanitan\n|\n|-weather|RainDance|[upkeep]\n|upkeep\n|\n|t:|1666062130\n|switch|p2a: Morpeko|Morpeko, L86, F|137/240\n|turn|24\n|\n|t:|1666062133\n|move|p2a: Morpeko|Aura Wheel|p1a: Clawitzer\n|-supereffective|p1a: Clawitzer\n|-damage|p1a: Clawitzer|0 fnt\n|-boost|p2a: Morpeko|spe|1\n|faint|p1a: Clawitzer\n|\n|win|JJ09LIE\n|raw|Memezboi69's rating: 2452 &rarr; <strong>2431</strong><br />(-21 for losing)\n|raw|JJ09LIE's rating: 2442 &rarr; <strong>2463</strong><br />(+21 for winning)\n|l|\u2606Memezboi69\n|l|\u2606JJ09LIE\n|l| eatingbeans69\n|j|\u2606Memezboi69\n|player|p1|Memezboi69|thorton\n||Ladder isn't responding, score probably updated but might not have (Request timeout).\n|j|\u2606JJ09LIE\n|player|p2|JJ09LIE|akari\n", "inputlog": ">version 9c5d654b898167f5ae9ca6e9cc2965040adf185e\n>start {\"formatid\":\"gen8randombattle\",\"seed\":[54153,38490,40839,58872],\"rated\":\"Rated battle\"}\n>player p1 {\"name\":\"Memezboi69\",\"avatar\":\"thorton\",\"rating\":2452,\"seed\":[39621,50046,9451,51316]}\n>player p2 {\"name\":\"JJ09LIE\",\"avatar\":\"akari\",\"rating\":2442,\"seed\":[26628,46225,5432,41129]}\n>p1 move earthquake\n>p2 move shadowball\n>p1 switch 6\n>p2 move psyshock\n>p1 move earthquake\n>p2 move shadowball\n>p2 switch 3\n>p1 move earthquake\n>p2 move bodypress\n>p1 move earthquake\n>p2 move rest\n>p1 move earthquake\n>p2 move bodypress\n>p1 switch 3\n>p1 move technoblast\n>p2 move rockslide\n>p2 switch 5\n>p1 switch 6\n>p2 move flareblitz\n>p1 switch 2\n>p1 move darkpulse\n>p2 move uturn\n>p2 switch 2\n>p1 move darkpulse\n>p2 switch 4\n>p1 switch 4\n>p2 move aurawheel\n>p1 move leafstorm\n>p2 switch 4\n>p1 move leafstorm\n>p2 move psyshock\n>p1 move leafstorm\n>p2 move psyshock\n>p1 switch 6\n>p1 move uturn\n>p2 move psyshock\n>p1 switch 5\n>p2 switch 2\n>p1 move psyshock\n>p2 move uturn\n>p2 switch 6\n>p1 move moonblast\n>p2 switch 6\n>p1 move moonblast\n>p2 move uturn\n>p2 switch 6\n>p1 move moonblast\n>p2 move swordsdance\n>p1 move moonblast\n>p2 move knockoff\n>p1 switch 5\n>p1 move technoblast\n>p2 move megahorn dynamax\n>p1 switch 4\n>p1 move scald\n>p2 move megahorn dynamax\n>p2 switch 6\n>p1 move scald dynamax\n>p2 move superpower\n>p2 switch 4\n>p1 move scald dynamax\n>p2 move aurawheel", "uploadtime": 1666062191, "views": 18, "p1id": "memezboi69", "p2id": "jj09lie", "formatid": "gen8randombattle", "rating": 2431, "private": 0, "password": null}