{"id": "gen8randombattle-1861866246", "p1": "C_Gamer_YT", "p2": "chonkduck", "format": "[Gen 8] Random Battle", "log": "|j|\u2606C_Gamer_YT\n|j|\u2606chonkduck\n|t:|1683816212\n|gametype|singles\n|player|p1|C_Gamer_YT|unknown|1133\n|player|p2|chonkduck|benga|1075\n|teamsize|p1|6\n|teamsize|p2|6\n|gen|8\n|tier|[Gen 8] Random Battle\n|rated|\n|rule|Species Clause: Limit one of each Pok\u00e9mon\n|rule|HP Percentage Mod: HP is shown in percentages\n|rule|Sleep Clause Mod: Limit one foe put to sleep\n|\n|t:|1683816212\n|start\n|switch|p1a: Pikachu|Pikachu-Alola, L92, M|214/214\n|switch|p2a: Eldegoss|Eldegoss, L90, M|254/254\n|turn|1\n|inactive|Battle timer is ON: inactive players will automatically lose when time's up. (requested by C_Gamer_YT)\n|\n|t:|1683816228\n|move|p1a: Pikachu|Knock Off|p2a: Eldegoss\n|-damage|p2a: Eldegoss|162/254\n|-enditem|p2a: Eldegoss|Leftovers|[from] move: Knock Off|[of] p1a: Pikachu\n|move|p2a: Eldegoss|Pollen Puff|p1a: Pikachu\n|-damage|p1a: Pikachu|133/214\n|\n|upkeep\n|turn|2\n|\n|t:|1683816244\n|move|p1a: Pikachu|Volt Switch|p2a: Eldegoss\n|-resisted|p2a: Eldegoss\n|-damage|p2a: Eldegoss|122/254\n|\n|t:|1683816249\n|switch|p1a: Persian|Persian-Alola, L82, M|241/241|[from] Volt Switch\n|move|p2a: Eldegoss|Energy Ball|p1a: Persian\n|-damage|p1a: Persian|121/241\n|\n|-heal|p1a: Persian|136/241|[from] item: Leftovers\n|upkeep\n|turn|3\n|\n|t:|1683816264\n|switch|p2a: Mamoswine|Mamoswine, L80, M|307/307\n|move|p1a: Persian|Dark Pulse|p2a: Mamoswine\n|-damage|p2a: Mamoswine|210/307\n|\n|-heal|p1a: Persian|151/241|[from] item: Leftovers\n|upkeep\n|turn|4\n|\n|t:|1683816275\n|move|p1a: Persian|Hypnosis|p2a: Mamoswine|[miss]\n|-miss|p1a: Persian|p2a: Mamoswine\n|move|p2a: Mamoswine|Knock Off|p1a: Persian\n|-resisted|p1a: Persian\n|-damage|p1a: Persian|114/241\n|-enditem|p1a: Persian|Leftovers|[from] move: Knock Off|[of] p2a: Mamoswine\n|\n|upkeep\n|turn|5\n|\n|t:|1683816283\n|switch|p2a: Noctowl|Noctowl, L88, F|319/319\n|move|p1a: Persian|Hypnosis|p2a: Noctowl\n|-status|p2a: Noctowl|slp|[from] move: Hypnosis\n|\n|upkeep\n|turn|6\n|\n|t:|1683816294\n|-start|p2a: Noctowl|Dynamax|\n|-heal|p2a: Noctowl|638/638 slp|[silent]\n|move|p1a: Persian|Thunderbolt|p2a: Noctowl\n|-supereffective|p2a: Noctowl\n|-damage|p2a: Noctowl|544/638 slp\n|cant|p2a: Noctowl|slp\n|\n|upkeep\n|turn|7\n|\n|t:|1683816310\n|move|p1a: Persian|Thunderbolt|p2a: Noctowl\n|-supereffective|p2a: Noctowl\n|-damage|p2a: Noctowl|458/638 slp\n|cant|p2a: Noctowl|slp\n|\n|upkeep\n|turn|8\n|\n|t:|1683816316\n|move|p1a: Persian|Nasty Plot|p1a: Persian\n|-boost|p1a: Persian|spa|2\n|-curestatus|p2a: Noctowl|slp|[msg]\n|move|p2a: Noctowl|Max Flare|p1a: Persian\n|-damage|p1a: Persian|0 fnt\n|-weather|SunnyDay\n|faint|p1a: Persian\n|\n|-weather|SunnyDay|[upkeep]\n|upkeep\n|\n|t:|1683816321\n|switch|p1a: Lycanroc|Lycanroc, L80, M|251/251\n|-end|p2a: Noctowl|Dynamax\n|-heal|p2a: Noctowl|229/319|[silent]\n|turn|9\n|\n|t:|1683816332\n|move|p1a: Lycanroc|Stone Edge|p2a: Noctowl\n|-supereffective|p2a: Noctowl\n|-damage|p2a: Noctowl|0 fnt\n|faint|p2a: Noctowl\n|\n|-weather|SunnyDay|[upkeep]\n|upkeep\n|\n|t:|1683816338\n|switch|p2a: Virizion|Virizion, L82|283/283\n|turn|10\n|\n|t:|1683816346\n|switch|p1a: Indeedee|Indeedee-F, L85, F|258/258\n|-fieldstart|move: Psychic Terrain|[from] ability: Psychic Surge|[of] p1a: Indeedee\n|move|p2a: Virizion|Stone Edge|p1a: Indeedee\n|-crit|p1a: Indeedee\n|-damage|p1a: Indeedee|138/258\n|\n|-weather|SunnyDay|[upkeep]\n|upkeep\n|turn|11\n|\n|t:|1683816364\n|move|p2a: Virizion|Leaf Blade|p1a: Indeedee\n|-crit|p1a: Indeedee\n|-damage|p1a: Indeedee|0 fnt\n|faint|p1a: Indeedee\n|\n|-weather|SunnyDay|[upkeep]\n|upkeep\n|\n|t:|1683816368\n|switch|p1a: Pikachu|Pikachu-Alola, L92, M|133/214\n|turn|12\n|\n|t:|1683816374\n|move|p2a: Virizion|Stone Edge|p1a: Pikachu|[miss]\n|-miss|p2a: Virizion|p1a: Pikachu\n|move|p1a: Pikachu|Knock Off|p2a: Virizion\n|-resisted|p2a: Virizion\n|-damage|p2a: Virizion|217/283\n|-ability|p2a: Virizion|Justified|boost\n|-boost|p2a: Virizion|atk|1\n|-enditem|p2a: Virizion|Lum Berry|[from] move: Knock Off|[of] p1a: Pikachu\n|\n|-weather|none\n|upkeep\n|turn|13\n|\n|t:|1683816385\n|move|p2a: Virizion|Leaf Blade|p1a: Pikachu\n|-damage|p1a: Pikachu|0 fnt\n|faint|p1a: Pikachu\n|\n|upkeep\n|\n|t:|1683816390\n|switch|p1a: Latias|Latias, L80, F|259/259\n|turn|14\n|\n|t:|1683816400\n|move|p2a: Virizion|Close Combat|p1a: Latias\n|-resisted|p1a: Latias\n|-damage|p1a: Latias|167/259\n|-unboost|p2a: Virizion|def|1\n|-unboost|p2a: Virizion|spd|1\n|move|p1a: Latias|Psychic|p2a: Virizion\n|-supereffective|p2a: Virizion\n|-damage|p2a: Virizion|0 fnt\n|faint|p2a: Virizion\n|\n|-heal|p1a: Latias|183/259|[from] item: Leftovers\n|-fieldend|move: Psychic Terrain\n|upkeep\n|\n|t:|1683816414\n|switch|p2a: Ninetales|Ninetales, L82, F|254/254\n|-weather|SunnyDay|[from] ability: Drought|[of] p2a: Ninetales\n|turn|15\n|\n|t:|1683816435\n|move|p1a: Latias|Calm Mind|p1a: Latias\n|-boost|p1a: Latias|spa|1\n|-boost|p1a: Latias|spd|1\n|move|p2a: Ninetales|Nasty Plot|p2a: Ninetales\n|-boost|p2a: Ninetales|spa|2\n|\n|-weather|SunnyDay|[upkeep]\n|-heal|p1a: Latias|199/259|[from] item: Leftovers\n|upkeep\n|turn|16\n|\n|t:|1683816445\n|move|p1a: Latias|Calm Mind|p1a: Latias\n|-boost|p1a: Latias|spa|1\n|-boost|p1a: Latias|spd|1\n|move|p2a: Ninetales|Solar Beam||[still]\n|-prepare|p2a: Ninetales|Solar Beam\n|-anim|p2a: Ninetales|Solar Beam|p1a: Latias\n|-resisted|p1a: Latias\n|-damage|p1a: Latias|172/259\n|\n|-weather|SunnyDay|[upkeep]\n|-heal|p1a: Latias|188/259|[from] item: Leftovers\n|upkeep\n|turn|17\n|\n|t:|1683816457\n|move|p1a: Latias|Psychic|p2a: Ninetales\n|-damage|p2a: Ninetales|82/254\n|move|p2a: Ninetales|Fire Blast|p1a: Latias\n|-resisted|p1a: Latias\n|-damage|p1a: Latias|127/259\n|\n|-weather|SunnyDay|[upkeep]\n|-heal|p1a: Latias|143/259|[from] item: Leftovers\n|upkeep\n|turn|18\n|\n|t:|1683816467\n|switch|p2a: Kyurem|Kyurem-White, L74|307/307\n|-ability|p2a: Kyurem|Turboblaze\n|move|p1a: Latias|Psychic|p2a: Kyurem\n|-damage|p2a: Kyurem|123/307\n|\n|-weather|SunnyDay|[upkeep]\n|-heal|p1a: Latias|159/259|[from] item: Leftovers\n|upkeep\n|turn|19\n|\n|t:|1683816480\n|move|p1a: Latias|Psychic|p2a: Kyurem\n|-damage|p2a: Kyurem|0 fnt\n|faint|p2a: Kyurem\n|\n|-weather|none\n|-heal|p1a: Latias|175/259|[from] item: Leftovers\n|upkeep\n|\n|t:|1683816488\n|switch|p2a: Mamoswine|Mamoswine, L80, M|210/307\n|turn|20\n|\n|t:|1683816498\n|move|p1a: Latias|Psychic|p2a: Mamoswine\n|-damage|p2a: Mamoswine|0 fnt\n|faint|p2a: Mamoswine\n|\n|-heal|p1a: Latias|191/259|[from] item: Leftovers\n|upkeep\n|\n|t:|1683816506\n|switch|p2a: Eldegoss|Eldegoss, L90, M|206/254\n|turn|21\n|\n|t:|1683816517\n|move|p1a: Latias|Calm Mind|p1a: Latias\n|-boost|p1a: Latias|spa|1\n|-boost|p1a: Latias|spd|1\n|move|p2a: Eldegoss|Pollen Puff|p1a: Latias\n|-supereffective|p1a: Latias\n|-damage|p1a: Latias|149/259\n|\n|-heal|p1a: Latias|165/259|[from] item: Leftovers\n|upkeep\n|turn|22\n|\n|t:|1683816528\n|move|p1a: Latias|Calm Mind|p1a: Latias\n|-boost|p1a: Latias|spa|1\n|-boost|p1a: Latias|spd|1\n|move|p2a: Eldegoss|Energy Ball|p1a: Latias\n|-resisted|p1a: Latias\n|-damage|p1a: Latias|153/259\n|-unboost|p1a: Latias|spd|1\n|\n|-heal|p1a: Latias|169/259|[from] item: Leftovers\n|upkeep\n|turn|23\n|\n|t:|1683816538\n|move|p1a: Latias|Psychic|p2a: Eldegoss\n|-damage|p2a: Eldegoss|0 fnt\n|faint|p2a: Eldegoss\n|\n|-heal|p1a: Latias|185/259|[from] item: Leftovers\n|upkeep\n|\n|t:|1683816544\n|switch|p2a: Ninetales|Ninetales, L82, F|82/254\n|-weather|SunnyDay|[from] ability: Drought|[of] p2a: Ninetales\n|turn|24\n|\n|t:|1683816555\n|move|p1a: Latias|Psychic|p2a: Ninetales\n|-damage|p2a: Ninetales|0 fnt\n|faint|p2a: Ninetales\n|\n|win|C_Gamer_YT\n|raw|C_Gamer_YT's rating: 1133 &rarr; <strong>1154</strong><br />(+21 for winning)\n|raw|chonkduck's rating: 1075 &rarr; <strong>1057</strong><br />(-18 for losing)\n|l|\u2606chonkduck\n", "inputlog": ">version bce759c5f189753f4322d11c9e5aa78bbe1b1bf9\n>start {\"formatid\":\"gen8randombattle\",\"seed\":[2216,47650,59078,1057],\"rated\":\"Rated battle\"}\n>player p1 {\"name\":\"C_Gamer_YT\",\"avatar\":\"unknown\",\"rating\":1133,\"seed\":[34230,55564,26957,41160]}\n>player p2 {\"name\":\"chonkduck\",\"avatar\":\"benga\",\"rating\":1075,\"seed\":[4021,49649,39443,12712]}\n>p1 move knockoff\n>p2 move pollenpuff\n>p1 move voltswitch\n>p2 move energyball\n>p1 switch 3\n>p1 move darkpulse\n>p2 switch 6\n>p1 move hypnosis\n>p2 move knockoff\n>p1 move hypnosis\n>p2 switch 5\n>p1 move thunderbolt\n>p2 move hurricane dynamax\n>p1 move thunderbolt\n>p2 move heatwave dynamax\n>p1 move nastyplot\n>p2 move heatwave dynamax\n>p1 switch 2\n>p1 move stoneedge\n>p2 move hurricane\n>p2 switch 3\n>p1 switch 6\n>p2 move stoneedge\n>p1 move mysticalfire\n>p2 move leafblade\n>p1 switch 3\n>p1 move knockoff\n>p2 move stoneedge\n>p1 move voltswitch\n>p2 move leafblade\n>p1 switch 5\n>p1 move psychic\n>p2 move closecombat\n>p2 switch 2\n>p1 move calmmind\n>p2 move nastyplot\n>p1 move calmmind\n>p2 move solarbeam\n>p1 move psychic\n>p2 move fireblast\n>p1 move psychic\n>p2 switch 4\n>p1 move psychic\n>p2 move dracometeor\n>p2 switch 5\n>p1 move psychic\n>p2 move iciclecrash\n>p2 switch 6\n>p1 move calmmind\n>p2 move pollenpuff\n>p1 move calmmind\n>p2 move energyball\n>p1 move psychic\n>p2 move leechseed\n>p2 switch 4\n>p1 move psychic\n>p2 move solarbeam", "uploadtime": 1683816562, "views": 6, "p1id": "cgameryt", "p2id": "chonkduck", "formatid": "gen8randombattle", "rating": 1057, "private": 0, "password": ""}