{"id": "gen8randombattle-1874677860", "p1": "Brendanpal", "p2": "Chinmay pal", "format": "[Gen 8] Random Battle", "log": "|j|\u2606Brendanpal\n|j|\u2606Chinmay pal\n|t:|1685528567\n|gametype|singles\n|player|p1|Brendanpal|265|\n|player|p2|Chinmay pal|1|\n|teamsize|p1|6\n|teamsize|p2|6\n|gen|8\n|tier|[Gen 8] Random Battle\n|rule|Species Clause: Limit one of each Pok\u00e9mon\n|rule|HP Percentage Mod: HP is shown in percentages\n|rule|Sleep Clause Mod: Limit one foe put to sleep\n|\n|t:|1685528567\n|start\n|switch|p1a: Tangrowth|Tangrowth, L84, F|305/305\n|switch|p2a: Orbeetle|Orbeetle, L86, M|243/243\n|-item|p1a: Tangrowth|Rocky Helmet|[from] ability: Frisk|[of] p2a: Orbeetle|[identify]\n|turn|1\n|inactive|Battle timer is ON: inactive players will automatically lose when time's up. (requested by Brendanpal)\n|\n|t:|1685528576\n|move|p2a: Orbeetle|Bug Buzz|p1a: Tangrowth\n|-supereffective|p1a: Tangrowth\n|-damage|p1a: Tangrowth|33/305\n|move|p1a: Tangrowth|Sleep Powder|p2a: Orbeetle\n|-status|p2a: Orbeetle|slp|[from] move: Sleep Powder\n|\n|upkeep\n|turn|2\n|\n|t:|1685528584\n|cant|p2a: Orbeetle|slp\n|move|p1a: Tangrowth|Leech Seed|p2a: Orbeetle\n|-start|p2a: Orbeetle|move: Leech Seed\n|\n|-damage|p2a: Orbeetle|213/243 slp|[from] Leech Seed|[of] p1a: Tangrowth\n|-heal|p1a: Tangrowth|63/305|[silent]\n|upkeep\n|turn|3\n|\n|t:|1685528591\n|switch|p2a: Tauros|Tauros, L82, M|257/257\n|move|p1a: Tangrowth|Knock Off|p2a: Tauros\n|-damage|p2a: Tauros|186/257\n|-enditem|p2a: Tauros|Life Orb|[from] move: Knock Off|[of] p1a: Tangrowth\n|\n|upkeep\n|turn|4\n|\n|t:|1685528610\n|switch|p1a: Dugtrio|Dugtrio-Alola, L82, F|192/192\n|move|p2a: Tauros|Zen Headbutt|p1a: Dugtrio\n|-resisted|p1a: Dugtrio\n|-damage|p1a: Dugtrio|141/192\n|-ability|p1a: Dugtrio|Tangling Hair\n|-unboost|p2a: Tauros|spe|1\n|\n|upkeep\n|turn|5\n|\n|t:|1685528617\n|move|p1a: Dugtrio|Stealth Rock|p2a: Tauros\n|-sidestart|p2: Chinmay pal|move: Stealth Rock\n|move|p2a: Tauros|Body Slam|p1a: Dugtrio\n|-resisted|p1a: Dugtrio\n|-damage|p1a: Dugtrio|66/192\n|-ability|p1a: Dugtrio|Tangling Hair\n|-unboost|p2a: Tauros|spe|1\n|\n|upkeep\n|turn|6\n|\n|t:|1685528627\n|move|p1a: Dugtrio|Iron Head|p2a: Tauros\n|-damage|p2a: Tauros|87/257\n|-damage|p1a: Dugtrio|47/192|[from] item: Life Orb\n|move|p2a: Tauros|Body Slam|p1a: Dugtrio\n|-resisted|p1a: Dugtrio\n|-damage|p1a: Dugtrio|0 fnt\n|-ability|p1a: Dugtrio|Tangling Hair\n|-unboost|p2a: Tauros|spe|1\n|faint|p1a: Dugtrio\n|\n|upkeep\n|\n|t:|1685528645\n|switch|p1a: Xerneas|Xerneas, L67|280/280\n|-ability|p1a: Xerneas|Fairy Aura\n|turn|7\n|\n|t:|1685528655\n|move|p1a: Xerneas|Moonblast|p2a: Tauros\n|-damage|p2a: Tauros|0 fnt\n|faint|p2a: Tauros\n|\n|upkeep\n|\n|t:|1685528667\n|switch|p2a: Slowbro|Slowbro, L84, M|297/297\n|-damage|p2a: Slowbro|260/297|[from] Stealth Rock\n|turn|8\n|\n|t:|1685528674\n|switch|p1a: Tangrowth|Tangrowth, L84, F|164/305\n|move|p2a: Slowbro|Thunder Wave|p1a: Tangrowth\n|-status|p1a: Tangrowth|par\n|\n|-heal|p2a: Slowbro|278/297|[from] item: Leftovers\n|upkeep\n|turn|9\n|\n|t:|1685528680\n|move|p2a: Slowbro|Slack Off|p2a: Slowbro\n|-heal|p2a: Slowbro|297/297\n|move|p1a: Tangrowth|Leech Seed|p2a: Slowbro\n|-start|p2a: Slowbro|move: Leech Seed\n|\n|-damage|p2a: Slowbro|260/297|[from] Leech Seed|[of] p1a: Tangrowth\n|-heal|p1a: Tangrowth|201/305 par|[silent]\n|upkeep\n|turn|10\n|\n|t:|1685528687\n|switch|p2a: Orbeetle|Orbeetle, L86, M|213/243 slp\n|-item|p1a: Tangrowth|Rocky Helmet|[from] ability: Frisk|[of] p2a: Orbeetle|[identify]\n|move|p1a: Tangrowth|Knock Off|p2a: Orbeetle\n|-supereffective|p2a: Orbeetle\n|-damage|p2a: Orbeetle|107/243 slp\n|-enditem|p2a: Orbeetle|Heavy-Duty Boots|[from] move: Knock Off|[of] p1a: Tangrowth\n|\n|upkeep\n|turn|11\n|\n|t:|1685528699\n|cant|p2a: Orbeetle|slp\n|cant|p1a: Tangrowth|par\n|\n|upkeep\n|turn|12\n|inactive|Brendanpal has 270 seconds left.\n|\n|t:|1685528734\n|cant|p2a: Orbeetle|slp\n|move|p1a: Tangrowth|Knock Off|p2a: Orbeetle\n|-supereffective|p2a: Orbeetle\n|-damage|p2a: Orbeetle|33/243 slp\n|\n|upkeep\n|turn|13\n|inactive|Brendanpal has 270 seconds left.\n|\n|t:|1685528741\n|-curestatus|p2a: Orbeetle|slp|[msg]\n|move|p2a: Orbeetle|Bug Buzz|p1a: Tangrowth\n|-supereffective|p1a: Tangrowth\n|-damage|p1a: Tangrowth|0 fnt\n|faint|p1a: Tangrowth\n|\n|upkeep\n|inactive|Brendanpal has 270 seconds left.\n|\n|t:|1685528754\n|switch|p1a: Xerneas|Xerneas, L67|280/280\n|-ability|p1a: Xerneas|Fairy Aura\n|turn|14\n|inactive|Brendanpal has 270 seconds left.\n|\n|t:|1685528766\n|move|p1a: Xerneas|Moonblast|p2a: Orbeetle\n|-damage|p2a: Orbeetle|0 fnt\n|faint|p2a: Orbeetle\n|\n|upkeep\n|\n|t:|1685528769\n|switch|p2a: Slowbro|Slowbro, L84, M|297/297\n|-damage|p2a: Slowbro|260/297|[from] Stealth Rock\n|turn|15\n|\n|t:|1685528780\n|switch|p1a: Heliolisk|Heliolisk, L82, F|236/236\n|move|p2a: Slowbro|Thunder Wave|p1a: Heliolisk\n|-immune|p1a: Heliolisk\n|\n|-heal|p2a: Slowbro|278/297|[from] item: Leftovers\n|upkeep\n|turn|16\n|\n|t:|1685528803\n|switch|p2a: Tapu Bulu|Tapu Bulu, L82|249/249\n|-damage|p2a: Tapu Bulu|218/249|[from] Stealth Rock\n|-fieldstart|move: Grassy Terrain|[from] ability: Grassy Surge|[of] p2a: Tapu Bulu\n|move|p1a: Heliolisk|Glare|p2a: Tapu Bulu\n|-status|p2a: Tapu Bulu|par\n|\n|-heal|p2a: Tapu Bulu|233/249 par|[from] Grassy Terrain\n|upkeep\n|turn|17\n|\n|t:|1685528825\n|switch|p1a: Lickilicky|Lickilicky, L86, M|329/329\n|move|p2a: Tapu Bulu|Stone Edge|p1a: Lickilicky|[miss]\n|-miss|p2a: Tapu Bulu|p1a: Lickilicky\n|\n|-heal|p2a: Tapu Bulu|248/249 par|[from] Grassy Terrain\n|upkeep\n|turn|18\n|\n|t:|1685528839\n|move|p1a: Lickilicky|Body Slam|p2a: Tapu Bulu\n|-damage|p2a: Tapu Bulu|133/249 par\n|move|p2a: Tapu Bulu|Close Combat|p1a: Lickilicky\n|-supereffective|p1a: Lickilicky\n|-damage|p1a: Lickilicky|108/329\n|-unboost|p2a: Tapu Bulu|def|1\n|-unboost|p2a: Tapu Bulu|spd|1\n|-damage|p2a: Tapu Bulu|109/249 par|[from] item: Life Orb\n|\n|-heal|p1a: Lickilicky|128/329|[from] Grassy Terrain\n|-heal|p2a: Tapu Bulu|124/249 par|[from] Grassy Terrain\n|upkeep\n|turn|19\n|\n|t:|1685528850\n|move|p1a: Lickilicky|Body Slam|p2a: Tapu Bulu\n|-damage|p2a: Tapu Bulu|0 fnt\n|faint|p2a: Tapu Bulu\n|\n|-heal|p1a: Lickilicky|148/329|[from] Grassy Terrain\n|upkeep\n|\n|t:|1685528854\n|switch|p2a: Slowbro|Slowbro, L84, M|297/297\n|-damage|p2a: Slowbro|260/297|[from] Stealth Rock\n|turn|20\n|\n|t:|1685528859\n|move|p1a: Lickilicky|Body Slam|p2a: Slowbro\n|-damage|p2a: Slowbro|160/297\n|-status|p2a: Slowbro|par\n|cant|p2a: Slowbro|par\n|\n|-heal|p1a: Lickilicky|168/329|[from] Grassy Terrain\n|-heal|p2a: Slowbro|178/297 par|[from] Grassy Terrain\n|-heal|p2a: Slowbro|196/297 par|[from] item: Leftovers\n|-fieldend|move: Grassy Terrain\n|upkeep\n|turn|21\n|\n|t:|1685528868\n|move|p1a: Lickilicky|Body Slam|p2a: Slowbro\n|-damage|p2a: Slowbro|91/297 par\n|move|p2a: Slowbro|Ice Beam|p1a: Lickilicky\n|-damage|p1a: Lickilicky|111/329\n|-status|p1a: Lickilicky|frz\n|\n|-heal|p2a: Slowbro|109/297 par|[from] item: Leftovers\n|upkeep\n|turn|22\n|\n|t:|1685528874\n|cant|p1a: Lickilicky|frz\n|move|p2a: Slowbro|Slack Off|p2a: Slowbro\n|-heal|p2a: Slowbro|258/297 par\n|\n|-heal|p2a: Slowbro|276/297 par|[from] item: Leftovers\n|upkeep\n|turn|23\n|\n|t:|1685528879\n|cant|p1a: Lickilicky|frz\n|cant|p2a: Slowbro|par\n|\n|-heal|p2a: Slowbro|294/297 par|[from] item: Leftovers\n|upkeep\n|turn|24\n|\n|t:|1685528883\n|cant|p1a: Lickilicky|frz\n|move|p2a: Slowbro|Ice Beam|p1a: Lickilicky\n|-damage|p1a: Lickilicky|53/329 frz\n|\n|-heal|p2a: Slowbro|297/297 par|[from] item: Leftovers\n|upkeep\n|turn|25\n|\n|t:|1685528887\n|cant|p1a: Lickilicky|frz\n|move|p2a: Slowbro|Ice Beam|p1a: Lickilicky\n|-damage|p1a: Lickilicky|0 fnt\n|faint|p1a: Lickilicky\n|\n|upkeep\n|\n|t:|1685528900\n|switch|p1a: Xurkitree|Xurkitree, L76|251/251\n|turn|26\n|\n|t:|1685528905\n|move|p1a: Xurkitree|Thunderbolt|p2a: Slowbro\n|-supereffective|p2a: Slowbro\n|-damage|p2a: Slowbro|0 fnt\n|faint|p2a: Slowbro\n|-ability|p1a: Xurkitree|Beast Boost|boost\n|-boost|p1a: Xurkitree|spa|1\n|\n|upkeep\n|\n|t:|1685528908\n|switch|p2a: Zygarde|Zygarde-10%, L82|223/223\n|-damage|p2a: Zygarde|210/223|[from] Stealth Rock\n|-ability|p2a: Zygarde|Aura Break\n|turn|27\n|\n|t:|1685528930\n|switch|p1a: Xerneas|Xerneas, L67|280/280\n|-ability|p1a: Xerneas|Fairy Aura\n|move|p2a: Zygarde|Thousand Arrows|p1a: Xerneas\n|-damage|p1a: Xerneas|142/280\n|-damage|p2a: Zygarde|188/223|[from] item: Life Orb\n|\n|upkeep\n|turn|28\n|\n|t:|1685528949\n|move|p1a: Xerneas|Focus Blast|p2a: Zygarde\n|-crit|p2a: Zygarde\n|-damage|p2a: Zygarde|80/223\n|move|p2a: Zygarde|Coil|p2a: Zygarde\n|-boost|p2a: Zygarde|atk|1\n|-boost|p2a: Zygarde|def|1\n|-boost|p2a: Zygarde|accuracy|1\n|\n|upkeep\n|turn|29\n|\n|t:|1685528958\n|move|p2a: Zygarde|Extreme Speed|p1a: Xerneas\n|-damage|p1a: Xerneas|11/280\n|-damage|p2a: Zygarde|58/223|[from] item: Life Orb\n|move|p1a: Xerneas|Focus Blast|p2a: Zygarde\n|-damage|p2a: Zygarde|0 fnt\n|faint|p2a: Zygarde\n|\n|upkeep\n|\n|t:|1685528962\n|switch|p2a: Groudon|Groudon, L73|266/266\n|-damage|p2a: Groudon|250/266|[from] Stealth Rock\n|-weather|SunnyDay|[from] ability: Drought|[of] p2a: Groudon\n|turn|30\n|\n|t:|1685528970\n|-start|p2a: Groudon|Dynamax|\n|-heal|p2a: Groudon|500/532|[silent]\n|move|p1a: Xerneas|Focus Blast|p2a: Groudon\n|-crit|p2a: Groudon\n|-damage|p2a: Groudon|380/532\n|move|p2a: Groudon|Max Quake|p1a: Xerneas\n|-damage|p1a: Xerneas|0 fnt\n|-boost|p2a: Groudon|spd|1\n|faint|p1a: Xerneas\n|\n|-weather|SunnyDay|[upkeep]\n|upkeep\n|\n|t:|1685528984\n|switch|p1a: Heliolisk|Heliolisk, L82, F|236/236\n|turn|31\n|\n|t:|1685529000\n|move|p1a: Heliolisk|Surf|p2a: Groudon\n|-supereffective|p2a: Groudon\n|-damage|p2a: Groudon|315/532\n|-damage|p1a: Heliolisk|213/236|[from] item: Life Orb\n|move|p2a: Groudon|Max Rockfall|p1a: Heliolisk\n|-damage|p1a: Heliolisk|75/236\n|-weather|Sandstorm\n|\n|-weather|Sandstorm|[upkeep]\n|-damage|p1a: Heliolisk|61/236|[from] Sandstorm\n|upkeep\n|turn|32\n|\n|t:|1685529014\n|move|p1a: Heliolisk|Surf|p2a: Groudon\n|-supereffective|p2a: Groudon\n|-damage|p2a: Groudon|195/532\n|-damage|p1a: Heliolisk|38/236|[from] item: Life Orb\n|move|p2a: Groudon|Max Rockfall|p1a: Heliolisk\n|-damage|p1a: Heliolisk|0 fnt\n|faint|p1a: Heliolisk\n|\n|-weather|Sandstorm|[upkeep]\n|upkeep\n|\n|t:|1685529022\n|switch|p1a: Xurkitree|Xurkitree, L76|251/251\n|-end|p2a: Groudon|Dynamax\n|-heal|p2a: Groudon|98/266|[silent]\n|turn|33\n|\n|t:|1685529028\n|-start|p1a: Xurkitree|Dynamax|\n|-heal|p1a: Xurkitree|502/502|[silent]\n|move|p2a: Groudon|Precipice Blades|p1a: Xurkitree\n|-supereffective|p1a: Xurkitree\n|-damage|p1a: Xurkitree|0 fnt\n|faint|p1a: Xurkitree\n|\n|win|Chinmay pal\n", "inputlog": ">version d94486096666f9f03053a01e17a1c7fdbd408dfa\n>start {\"formatid\":\"gen8randombattle\",\"seed\":[31165,53546,49173,5316]}\n>player p1 {\"name\":\"Brendanpal\",\"avatar\":\"265\",\"rating\":0,\"seed\":[35510,60386,163,43029]}\n>player p2 {\"name\":\"Chinmay pal\",\"avatar\":\"1\",\"rating\":0,\"seed\":[4443,41586,11961,20621]}\n>p1 move sleeppowder\n>p2 move bugbuzz\n>p1 move leechseed\n>p2 move bugbuzz\n>p1 move knockoff\n>p2 switch 5\n>p1 switch 3\n>p2 move zenheadbutt\n>p1 move stealthrock\n>p2 move bodyslam\n>p1 move ironhead\n>p2 move bodyslam\n>p1 switch 6\n>p1 move moonblast\n>p2 move bodyslam\n>p2 switch 6\n>p1 switch 3\n>p2 move thunderwave\n>p1 move leechseed\n>p2 move slackoff\n>p1 move knockoff\n>p2 switch 5\n>p1 move leechseed\n>p2 move psychic\n>p1 move knockoff\n>p2 move psychic\n>p1 move knockoff\n>p2 move bugbuzz\n>p1 switch 3\n>p1 move moonblast\n>p2 move recover\n>p2 switch 5\n>p1 switch 2\n>p2 move thunderwave\n>p1 move glare\n>p2 switch 3\n>p1 switch 5\n>p2 move stoneedge\n>p1 move bodyslam\n>p2 move closecombat\n>p1 move bodyslam\n>p2 move closecombat\n>p2 switch 3\n>p1 move bodyslam\n>p2 move icebeam\n>p1 move bodyslam\n>p2 move icebeam\n>p1 move bodyslam\n>p2 move slackoff\n>p1 move bodyslam\n>p2 move icebeam\n>p1 move bodyslam\n>p2 move icebeam\n>p1 move bodyslam\n>p2 move icebeam\n>p1 switch 4\n>p1 move thunderbolt\n>p2 move icebeam\n>p2 switch 2\n>p1 switch 2\n>p2 move thousandarrows\n>p1 move focusblast\n>p2 move coil\n>p1 move focusblast\n>p2 move extremespeed\n>p2 switch 4\n>p1 move focusblast\n>p2 move precipiceblades dynamax\n>p1 switch 5\n>p1 move surf\n>p2 move stoneedge dynamax\n>p1 move surf\n>p2 move stoneedge dynamax\n>p1 switch 2\n>p1 move energyball dynamax\n>p2 move precipiceblades", "uploadtime": 1685529035, "views": 7, "p1id": "brendanpal", "p2id": "chinmaypal", "formatid": "gen8randombattle", "rating": 0, "private": 0, "password": ""}