|j|☆Sylveon is so cute
|j|☆wenhu
|t:|1656764045
|gametype|singles
|player|p1|Sylveon is so cute|arezu|2453
|player|p2|wenhu|blue|2435
|teamsize|p1|6
|teamsize|p2|6
|gen|8
|tier|[Gen 8] Random Battle
|rated|
|rule|Species Clause: Limit one of each Pokémon
|rule|HP Percentage Mod: HP is shown in percentages
|rule|Sleep Clause Mod: Limit one foe put to sleep
|
|t:|1656764045
|start
|switch|p1a: Bisharp|Bisharp, L80, M|235/235
|switch|p2a: Dragonite|Dragonite, L75, M|260/260
|turn|1
|inactive|Battle timer is ON: inactive players will automatically lose when time's up. (requested by Sylveon is so cute)
|
|t:|1656764059
|switch|p2a: Coalossal|Coalossal, L87, F|333/333
|switch|p1a: Landorus|Landorus-Therian, L72, M|247/247
|-ability|p1a: Landorus|Intimidate|boost
|-unboost|p2a: Coalossal|atk|1
|
|upkeep
|turn|2
|
|t:|1656764065
|move|p1a: Landorus|Earthquake|p2a: Coalossal
|-supereffective|p2a: Coalossal
|-damage|p2a: Coalossal|0 fnt
|faint|p2a: Coalossal
|-damage|p1a: Landorus|223/247|[from] item: Life Orb
|
|upkeep
|c|☆Sylveon is so cute|aight
|inactive|wenhu has 120 seconds left.
|
|t:|1656764125
|switch|p2a: Aurorus|Aurorus, L84, F|344/344
|-weather|Hail|[from] ability: Snow Warning|[of] p2a: Aurorus
|turn|3
|j| KingZuko
|
|t:|1656764149
|move|p1a: Landorus|Earthquake|p2a: Aurorus
|-supereffective|p2a: Aurorus
|-crit|p2a: Aurorus
|-damage|p2a: Aurorus|0 fnt
|faint|p2a: Aurorus
|-damage|p1a: Landorus|199/247|[from] item: Life Orb
|
|-weather|Hail|[upkeep]
|-damage|p1a: Landorus|184/247|[from] Hail
|upkeep
|
|t:|1656764164
|switch|p2a: Machamp|Machamp, L82, F|282/282
|turn|4
|
|t:|1656764172
|move|p1a: Landorus|Swords Dance|p1a: Landorus
|-boost|p1a: Landorus|atk|2
|move|p2a: Machamp|Knock Off|p1a: Landorus
|-damage|p1a: Landorus|89/247
|-enditem|p1a: Landorus|Life Orb|[from] move: Knock Off|[of] p2a: Machamp
|
|-weather|Hail|[upkeep]
|-damage|p1a: Landorus|74/247|[from] Hail
|-damage|p2a: Machamp|265/282|[from] Hail
|-status|p2a: Machamp|brn|[from] item: Flame Orb
|upkeep
|turn|5
|
|t:|1656764177
|move|p2a: Machamp|Bullet Punch|p1a: Landorus
|-damage|p1a: Landorus|19/247
|move|p1a: Landorus|Earthquake|p2a: Machamp
|-damage|p2a: Machamp|45/282 brn
|
|-weather|Hail|[upkeep]
|-damage|p1a: Landorus|4/247|[from] Hail
|-damage|p2a: Machamp|28/282 brn|[from] Hail
|-damage|p2a: Machamp|11/282 brn|[from] brn
|upkeep
|turn|6
|
|t:|1656764183
|switch|p1a: Stunfisk|Stunfisk-Galar, L84, F|320/320
|move|p2a: Machamp|Close Combat|p1a: Stunfisk
|-supereffective|p1a: Stunfisk
|-damage|p1a: Stunfisk|0 fnt
|-unboost|p2a: Machamp|def|1
|-unboost|p2a: Machamp|spd|1
|faint|p1a: Stunfisk
|
|-weather|Hail|[upkeep]
|-damage|p2a: Machamp|0 fnt|[from] Hail
|faint|p2a: Machamp
|upkeep
|c| KingZuko|what in tarnation is going on
|inactive|wenhu has 120 seconds left.
|
|t:|1656764203
|switch|p2a: Sandaconda|Sandaconda, L84, F|258/258
|switch|p1a: Regirock|Regirock, L85|275/275
|turn|7
|
|t:|1656764211
|switch|p1a: Omastar|Omastar, L82, F|249/249
|move|p2a: Sandaconda|Coil|p2a: Sandaconda
|-boost|p2a: Sandaconda|atk|1
|-boost|p2a: Sandaconda|def|1
|-boost|p2a: Sandaconda|accuracy|1
|
|-weather|none
|upkeep
|turn|8
|
|t:|1656764220
|switch|p2a: Celebi|Celebi, L82|298/298
|switch|p1a: Landorus|Landorus-Therian, L72, M|4/247
|-ability|p1a: Landorus|Intimidate|boost
|-unboost|p2a: Celebi|atk|1
|
|upkeep
|turn|9
|
|t:|1656764224
|switch|p1a: Marowak|Marowak-Alola, L84, F|238/238
|move|p2a: Celebi|Nasty Plot|p2a: Celebi
|-boost|p2a: Celebi|spa|2
|
|upkeep
|turn|10
|j| Bonclaft
|
|t:|1656764244
|-start|p2a: Celebi|Dynamax|
|-heal|p2a: Celebi|596/596|[silent]
|move|p2a: Celebi|Max Mindstorm|p1a: Marowak
|-damage|p1a: Marowak|0 fnt
|-fieldstart|move: Psychic Terrain
|faint|p1a: Marowak
|
|upkeep
|
|t:|1656764248
|switch|p1a: Bisharp|Bisharp, L80, M|235/235
|turn|11
|
|t:|1656764254
|switch|p1a: Landorus|Landorus-Therian, L72, M|4/247
|-ability|p1a: Landorus|Intimidate|boost
|-unboost|p2a: Celebi|atk|1
|move|p2a: Celebi|Max Overgrowth|p1a: Landorus
|-damage|p1a: Landorus|0 fnt
|-fieldstart|move: Grassy Terrain
|faint|p1a: Landorus
|
|upkeep
|
|t:|1656764256
|switch|p1a: Bisharp|Bisharp, L80, M|235/235
|turn|12
|
|t:|1656764288
|switch|p1a: Omastar|Omastar, L82, F|249/249
|move|p2a: Celebi|Max Overgrowth|p1a: Omastar
|-supereffective|p1a: Omastar
|-damage|p1a: Omastar|0 fnt
|faint|p1a: Omastar
|
|upkeep
|
|t:|1656764289
|switch|p1a: Bisharp|Bisharp, L80, M|235/235
|-end|p2a: Celebi|Dynamax
|-heal|p2a: Celebi|298/298|[silent]
|turn|13
|
|t:|1656764293
|move|p2a: Celebi|Giga Drain|p1a: Bisharp
|-resisted|p1a: Bisharp
|-damage|p1a: Bisharp|106/235
|move|p1a: Bisharp|Swords Dance|p1a: Bisharp
|-boost|p1a: Bisharp|atk|2
|
|-heal|p1a: Bisharp|120/235|[from] Grassy Terrain
|upkeep
|turn|14
|
|t:|1656764300
|-start|p1a: Bisharp|Dynamax|
|-heal|p1a: Bisharp|240/470|[silent]
|move|p2a: Celebi|Giga Drain|p1a: Bisharp
|-resisted|p1a: Bisharp
|-damage|p1a: Bisharp|108/470
|move|p1a: Bisharp|Max Steelspike|p2a: Celebi
|-damage|p2a: Celebi|0 fnt
|-boost|p1a: Bisharp|def|1
|faint|p2a: Celebi
|-damage|p1a: Bisharp|85/470|[from] item: Life Orb
|
|-heal|p1a: Bisharp|99/470|[from] Grassy Terrain
|upkeep
|
|t:|1656764306
|switch|p2a: Dragonite|Dragonite, L75, M|260/260
|turn|15
|
|t:|1656764309
|move|p2a: Dragonite|Earthquake|p1a: Bisharp
|-supereffective|p1a: Bisharp
|-damage|p1a: Bisharp|49/470
|move|p1a: Bisharp|Max Steelspike|p2a: Dragonite
|-damage|p2a: Dragonite|66/260
|-boost|p1a: Bisharp|def|1
|-damage|p1a: Bisharp|26/470|[from] item: Life Orb
|
|-heal|p1a: Bisharp|40/470|[from] Grassy Terrain
|-fieldend|move: Grassy Terrain
|upkeep
|turn|16
|
|t:|1656764316
|move|p1a: Bisharp|Max Guard|p1a: Bisharp
|-singleturn|p1a: Bisharp|Max Guard
|move|p2a: Dragonite|Earthquake|p1a: Bisharp
|-activate|p1a: Bisharp|move: Max Guard
|
|upkeep
|-end|p1a: Bisharp|Dynamax
|-heal|p1a: Bisharp|20/235|[silent]
|turn|17
|
|t:|1656764319
|move|p1a: Bisharp|Sucker Punch|p2a: Dragonite
|-damage|p2a: Dragonite|0 fnt
|faint|p2a: Dragonite
|-damage|p1a: Bisharp|0 fnt|[from] item: Life Orb
|faint|p1a: Bisharp
|
|upkeep
|
|t:|1656764320
|switch|p2a: Sandaconda|Sandaconda, L84, F|258/258
|switch|p1a: Regirock|Regirock, L85|275/275
|turn|18
|
|t:|1656764321
|move|p2a: Sandaconda|Coil|p2a: Sandaconda
|-boost|p2a: Sandaconda|atk|1
|-boost|p2a: Sandaconda|def|1
|-boost|p2a: Sandaconda|accuracy|1
|move|p1a: Regirock|Curse|p1a: Regirock
|-unboost|p1a: Regirock|spe|1
|-boost|p1a: Regirock|atk|1
|-boost|p1a: Regirock|def|1
|
|upkeep
|turn|19
|
|t:|1656764323
|move|p2a: Sandaconda|Coil|p2a: Sandaconda
|-boost|p2a: Sandaconda|atk|1
|-boost|p2a: Sandaconda|def|1
|-boost|p2a: Sandaconda|accuracy|1
|move|p1a: Regirock|Curse|p1a: Regirock
|-unboost|p1a: Regirock|spe|1
|-boost|p1a: Regirock|atk|1
|-boost|p1a: Regirock|def|1
|
|upkeep
|turn|20
|
|t:|1656764324
|move|p2a: Sandaconda|Coil|p2a: Sandaconda
|-boost|p2a: Sandaconda|atk|1
|-boost|p2a: Sandaconda|def|1
|-boost|p2a: Sandaconda|accuracy|1
|move|p1a: Regirock|Curse|p1a: Regirock
|-unboost|p1a: Regirock|spe|1
|-boost|p1a: Regirock|atk|1
|-boost|p1a: Regirock|def|1
|
|upkeep
|turn|21
|
|t:|1656764325
|move|p2a: Sandaconda|Coil|p2a: Sandaconda
|-boost|p2a: Sandaconda|atk|1
|-boost|p2a: Sandaconda|def|1
|-boost|p2a: Sandaconda|accuracy|1
|move|p1a: Regirock|Curse|p1a: Regirock
|-unboost|p1a: Regirock|spe|1
|-boost|p1a: Regirock|atk|1
|-boost|p1a: Regirock|def|1
|
|upkeep
|turn|22
|
|t:|1656764326
|move|p2a: Sandaconda|Coil|p2a: Sandaconda
|-boost|p2a: Sandaconda|atk|1
|-boost|p2a: Sandaconda|def|1
|-boost|p2a: Sandaconda|accuracy|1
|move|p1a: Regirock|Curse|p1a: Regirock
|-unboost|p1a: Regirock|spe|1
|-boost|p1a: Regirock|atk|1
|-boost|p1a: Regirock|def|1
|
|upkeep
|turn|23
|c| KingZuko|oh man regirock def is formidable
|
|t:|1656764340
|move|p2a: Sandaconda|Coil|p2a: Sandaconda
|-boost|p2a: Sandaconda|atk|1
|-boost|p2a: Sandaconda|def|1
|-boost|p2a: Sandaconda|accuracy|1
|move|p1a: Regirock|Curse|p1a: Regirock
|-unboost|p1a: Regirock|spe|1
|-boost|p1a: Regirock|atk|1
|-boost|p1a: Regirock|def|1
|
|upkeep
|turn|24
|
|t:|1656764343
|move|p2a: Sandaconda|Earthquake|p1a: Regirock
|-supereffective|p1a: Regirock
|-damage|p1a: Regirock|167/275
|move|p1a: Regirock|Body Press|p2a: Sandaconda
|-damage|p2a: Sandaconda|179/258
|
|-heal|p2a: Sandaconda|195/258|[from] item: Leftovers
|upkeep
|turn|25
|
|t:|1656764345
|move|p2a: Sandaconda|Earthquake|p1a: Regirock
|-supereffective|p1a: Regirock
|-damage|p1a: Regirock|51/275
|move|p1a: Regirock|Rest|p1a: Regirock
|-status|p1a: Regirock|slp|[from] move: Rest
|-heal|p1a: Regirock|275/275 slp|[silent]
|-enditem|p1a: Regirock|Chesto Berry|[eat]
|-curestatus|p1a: Regirock|slp|[msg]
|
|-heal|p2a: Sandaconda|211/258|[from] item: Leftovers
|upkeep
|turn|26
|
|t:|1656764348
|move|p2a: Sandaconda|Earthquake|p1a: Regirock
|-supereffective|p1a: Regirock
|-damage|p1a: Regirock|161/275
|move|p1a: Regirock|Body Press|p2a: Sandaconda
|-damage|p2a: Sandaconda|124/258
|
|-heal|p2a: Sandaconda|140/258|[from] item: Leftovers
|upkeep
|turn|27
|
|t:|1656764351
|move|p2a: Sandaconda|Earthquake|p1a: Regirock
|-supereffective|p1a: Regirock
|-damage|p1a: Regirock|51/275
|move|p1a: Regirock|Body Press|p2a: Sandaconda
|-damage|p2a: Sandaconda|64/258
|
|-heal|p2a: Sandaconda|80/258|[from] item: Leftovers
|upkeep
|turn|28
|-message|Sylveon is so cute forfeited.
|
|win|wenhu
|raw|Sylveon is so cute's rating: 2453 &rarr; <strong>2432</strong><br />(-21 for losing)
|raw|wenhu's rating: 2435 &rarr; <strong>2456</strong><br />(+21 for winning)
|l|☆Sylveon is so cute
|c|☆wenhu|GGGGGG
|c| KingZuko|lolll
|c| KingZuko|gg
