|j|☆Stormbriar
|j|☆koilerz
|t:|1685153130
|gametype|singles
|player|p1|Stormbriar|1|
|player|p2|koilerz|ingo|
|teamsize|p1|6
|teamsize|p2|6
|gen|8
|tier|[Gen 8] Random Battle
|rule|Species Clause: Limit one of each Pokémon
|rule|HP Percentage Mod: HP is shown in percentages
|rule|Sleep Clause Mod: Limit one foe put to sleep
|
|t:|1685153130
|start
|switch|p1a: Heliolisk|Heliolisk, L82, M|236/236
|switch|p2a: Giratina|Giratina, L74|344/344
|-ability|p2a: Giratina|Pressure
|turn|1
|
|t:|1685153247
|switch|p1a: Altaria|Altaria, L90, F|281/281
|move|p2a: Giratina|Toxic|p1a: Altaria
|-status|p1a: Altaria|tox
|
|-damage|p1a: Altaria|264/281 tox|[from] psn
|upkeep
|turn|2
|
|t:|1685153275
|switch|p2a: Copperajah|Copperajah, L84, F|342/342
|move|p1a: Altaria|Toxic|p2a: Copperajah
|-immune|p2a: Copperajah
|
|-damage|p1a: Altaria|230/281 tox|[from] psn
|upkeep
|turn|3
|
|t:|1685153345
|move|p1a: Altaria|Fire Blast|p2a: Copperajah
|-supereffective|p2a: Copperajah
|-damage|p2a: Copperajah|182/342
|move|p2a: Copperajah|Rock Slide|p1a: Altaria
|-supereffective|p1a: Altaria
|-damage|p1a: Altaria|6/281 tox
|
|-damage|p1a: Altaria|0 fnt|[from] psn
|faint|p1a: Altaria
|upkeep
|
|t:|1685153364
|switch|p1a: Cofagrigus|Cofagrigus, L86, M|240/240
|turn|4
|
|t:|1685153414
|move|p1a: Cofagrigus|Body Press|p2a: Copperajah
|-supereffective|p2a: Copperajah
|-damage|p2a: Copperajah|2/342
|move|p2a: Copperajah|Stealth Rock|p1a: Cofagrigus
|-sidestart|p1: Stormbriar|move: Stealth Rock
|
|upkeep
|turn|5
|
|t:|1685153425
|move|p1a: Cofagrigus|Body Press|p2a: Copperajah
|-supereffective|p2a: Copperajah
|-damage|p2a: Copperajah|0 fnt
|faint|p2a: Copperajah
|
|upkeep
|
|t:|1685153444
|switch|p2a: Flapple|Flapple, L84, F|255/255
|turn|6
|
|t:|1685153460
|move|p2a: Flapple|Sucker Punch||[still]
|-fail|p2a: Flapple
|move|p1a: Cofagrigus|Will-O-Wisp|p2a: Flapple
|-status|p2a: Flapple|brn
|
|-damage|p2a: Flapple|240/255 brn|[from] brn
|upkeep
|turn|7
|
|t:|1685153477
|move|p2a: Flapple|Sucker Punch||[still]
|-fail|p2a: Flapple
|move|p1a: Cofagrigus|Memento|p2a: Flapple
|-unboost|p2a: Flapple|atk|2
|-unboost|p2a: Flapple|spa|2
|faint|p1a: Cofagrigus
|
|-damage|p2a: Flapple|225/255 brn|[from] brn
|upkeep
|
|t:|1685153486
|switch|p1a: Heliolisk|Heliolisk, L82, M|236/236
|-damage|p1a: Heliolisk|207/236|[from] Stealth Rock
|turn|8
|
|t:|1685153499
|switch|p2a: Pyukumuku|Pyukumuku, L84, F|230/230
|move|p1a: Heliolisk|Hyper Voice|p2a: Pyukumuku
|-damage|p2a: Pyukumuku|112/230
|
|-heal|p2a: Pyukumuku|126/230|[from] item: Leftovers
|upkeep
|turn|9
|
|t:|1685153526
|switch|p1a: Golisopod|Golisopod, L84, F|263/263
|move|p2a: Pyukumuku|Mirror Coat||[still]
|-fail|p2a: Pyukumuku
|
|-heal|p2a: Pyukumuku|140/230|[from] item: Leftovers
|upkeep
|turn|10
|
|t:|1685153541
|move|p1a: Golisopod|Spikes|p2a: Pyukumuku
|-sidestart|p2: koilerz|Spikes
|move|p2a: Pyukumuku|Toxic|p1a: Golisopod
|-status|p1a: Golisopod|tox
|
|-heal|p2a: Pyukumuku|154/230|[from] item: Leftovers
|-damage|p1a: Golisopod|247/263 tox|[from] psn
|upkeep
|turn|11
|
|t:|1685153550
|move|p1a: Golisopod|Spikes|p2a: Pyukumuku
|-sidestart|p2: koilerz|Spikes
|move|p2a: Pyukumuku|Counter||[still]
|-fail|p2a: Pyukumuku
|
|-heal|p2a: Pyukumuku|168/230|[from] item: Leftovers
|-damage|p1a: Golisopod|215/263 tox|[from] psn
|upkeep
|turn|12
|
|t:|1685153556
|move|p1a: Golisopod|Spikes|p2a: Pyukumuku
|-sidestart|p2: koilerz|Spikes
|move|p2a: Pyukumuku|Counter||[still]
|-fail|p2a: Pyukumuku
|
|-heal|p2a: Pyukumuku|182/230|[from] item: Leftovers
|-damage|p1a: Golisopod|167/263 tox|[from] psn
|upkeep
|turn|13
|
|t:|1685153570
|move|p1a: Golisopod|Knock Off|p2a: Pyukumuku
|-damage|p2a: Pyukumuku|124/230
|-enditem|p2a: Pyukumuku|Leftovers|[from] move: Knock Off|[of] p1a: Golisopod
|move|p2a: Pyukumuku|Counter|p1a: Golisopod
|-damage|p1a: Golisopod|51/263 tox
|-activate|p1a: Golisopod|ability: Emergency Exit
|
|t:|1685153578
|switch|p1a: Heliolisk|Heliolisk, L82, M|207/236
|-damage|p1a: Heliolisk|178/236|[from] Stealth Rock
|
|upkeep
|turn|14
|
|t:|1685153585
|move|p1a: Heliolisk|Volt Switch|p2a: Pyukumuku
|-supereffective|p2a: Pyukumuku
|-damage|p2a: Pyukumuku|0 fnt
|faint|p2a: Pyukumuku
|
|t:|1685153599
|switch|p1a: Azelf|Azelf, L82|257/257|[from] Volt Switch
|-damage|p1a: Azelf|225/257|[from] Stealth Rock
|
|-heal|p1a: Azelf|241/257|[from] item: Leftovers
|upkeep
|
|t:|1685153612
|switch|p2a: Flapple|Flapple, L84, F|225/255 brn
|-damage|p2a: Flapple|162/255 brn|[from] Spikes
|turn|15
|
|t:|1685153639
|move|p1a: Azelf|U-turn|p2a: Flapple
|-supereffective|p2a: Flapple
|-damage|p2a: Flapple|34/255 brn
|
|t:|1685153649
|switch|p1a: Heliolisk|Heliolisk, L82, M|178/236|[from] U-turn
|-damage|p1a: Heliolisk|149/236|[from] Stealth Rock
|move|p2a: Flapple|U-turn|p1a: Heliolisk|[miss]
|-miss|p2a: Flapple|p1a: Heliolisk
|
|-damage|p2a: Flapple|19/255 brn|[from] brn
|upkeep
|turn|16
|
|t:|1685153660
|move|p1a: Heliolisk|Volt Switch|p2a: Flapple
|-resisted|p2a: Flapple
|-damage|p2a: Flapple|0 fnt
|faint|p2a: Flapple
|
|t:|1685153664
|switch|p1a: Golisopod|Golisopod, L84, F|51/263 tox|[from] Volt Switch
|
|-damage|p1a: Golisopod|35/263 tox|[from] psn
|upkeep
|
|t:|1685153669
|switch|p2a: Manectric|Manectric, L86, F|261/261
|-damage|p2a: Manectric|196/261|[from] Spikes
|turn|17
|
|t:|1685153691
|move|p2a: Manectric|Thunderbolt|p1a: Golisopod
|-supereffective|p1a: Golisopod
|-damage|p1a: Golisopod|0 fnt
|faint|p1a: Golisopod
|
|upkeep
|
|t:|1685153705
|switch|p1a: Azelf|Azelf, L82|241/257
|-damage|p1a: Azelf|209/257|[from] Stealth Rock
|turn|18
|
|t:|1685153739
|move|p2a: Manectric|Thunderbolt|p1a: Azelf
|-damage|p1a: Azelf|79/257
|move|p1a: Azelf|Fire Blast|p2a: Manectric
|-damage|p2a: Manectric|83/261
|
|-heal|p1a: Azelf|95/257|[from] item: Leftovers
|upkeep
|turn|19
|
|t:|1685153748
|move|p2a: Manectric|Thunderbolt|p1a: Azelf
|-damage|p1a: Azelf|0 fnt
|faint|p1a: Azelf
|
|upkeep
|
|t:|1685153756
|switch|p1a: Heliolisk|Heliolisk, L82, M|149/236
|-damage|p1a: Heliolisk|120/236|[from] Stealth Rock
|turn|20
|
|t:|1685153788
|move|p2a: Manectric|Thunderbolt|p1a: Heliolisk
|-resisted|p1a: Heliolisk
|-damage|p1a: Heliolisk|64/236
|move|p1a: Heliolisk|Hyper Voice|p2a: Manectric
|-damage|p2a: Manectric|0 fnt
|faint|p2a: Manectric
|
|upkeep
|
|t:|1685153798
|switch|p2a: Cinderace|Cinderace, L74, F|240/240
|turn|21
|
|t:|1685153808
|switch|p1a: Oranguru|Oranguru, L86, F|295/295
|-damage|p1a: Oranguru|259/295|[from] Stealth Rock
|move|p2a: Cinderace|Court Change|p2a: Cinderace
|-start|p2a: Cinderace|typechange|Normal|[from] ability: Libero
|-swapsideconditions
|-activate|p2a: Cinderace|move: Court Change
|
|-heal|p1a: Oranguru|277/295|[from] item: Leftovers
|upkeep
|turn|22
|
|t:|1685153820
|switch|p1a: Heliolisk|Heliolisk, L82, M|64/236
|-damage|p1a: Heliolisk|5/236|[from] Spikes
|-start|p2a: Cinderace|Dynamax|
|-heal|p2a: Cinderace|480/480|[silent]
|move|p2a: Cinderace|Max Ooze|p1a: Heliolisk
|-start|p2a: Cinderace|typechange|Poison|[from] ability: Libero
|-damage|p1a: Heliolisk|0 fnt
|-boost|p2a: Cinderace|spa|1
|faint|p1a: Heliolisk
|
|upkeep
|
|t:|1685153833
|switch|p1a: Oranguru|Oranguru, L86, F|277/295
|-damage|p1a: Oranguru|204/295|[from] Spikes
|turn|23
|
|t:|1685153850
|-start|p1a: Oranguru|Dynamax|
|-heal|p1a: Oranguru|408/590|[silent]
|move|p2a: Cinderace|Max Ooze|p1a: Oranguru
|-damage|p1a: Oranguru|309/590
|-boost|p2a: Cinderace|spa|1
|move|p1a: Oranguru|Max Mindstorm|p2a: Cinderace
|-supereffective|p2a: Cinderace
|-damage|p2a: Cinderace|144/480
|-fieldstart|move: Psychic Terrain
|
|-heal|p1a: Oranguru|327/590|[from] item: Leftovers
|upkeep
|turn|24
|
|t:|1685153865
|move|p2a: Cinderace|Max Flare|p1a: Oranguru
|-start|p2a: Cinderace|typechange|Fire|[from] ability: Libero
|-damage|p1a: Oranguru|182/590
|-weather|SunnyDay
|move|p1a: Oranguru|Max Mindstorm|p2a: Cinderace
|-damage|p2a: Cinderace|0 fnt
|faint|p2a: Cinderace
|
|-weather|SunnyDay|[upkeep]
|-heal|p1a: Oranguru|200/590|[from] item: Leftovers
|upkeep
|
|t:|1685153872
|switch|p2a: Giratina|Giratina, L74|344/344
|-damage|p2a: Giratina|301/344|[from] Stealth Rock
|-ability|p2a: Giratina|Pressure
|turn|25
|
|t:|1685153896
|move|p2a: Giratina|Toxic|p1a: Oranguru
|-status|p1a: Oranguru|tox
|move|p1a: Oranguru|Max Mindstorm|p2a: Giratina
|-damage|p2a: Giratina|135/344
|
|-weather|SunnyDay|[upkeep]
|-heal|p2a: Giratina|156/344|[from] item: Leftovers
|-heal|p1a: Oranguru|218/590 tox|[from] item: Leftovers
|-damage|p1a: Oranguru|200/590 tox|[from] psn
|upkeep
|-end|p1a: Oranguru|Dynamax
|-heal|p1a: Oranguru|100/295 tox|[silent]
|turn|26
|
|t:|1685153926
|move|p2a: Giratina|Rest|p2a: Giratina
|-status|p2a: Giratina|slp|[from] move: Rest
|-heal|p2a: Giratina|344/344 slp|[silent]
|move|p1a: Oranguru|Psychic|p2a: Giratina
|-damage|p2a: Giratina|230/344 slp
|
|-weather|SunnyDay|[upkeep]
|-heal|p2a: Giratina|251/344 slp|[from] item: Leftovers
|-heal|p1a: Oranguru|118/295 tox|[from] item: Leftovers
|-damage|p1a: Oranguru|82/295 tox|[from] psn
|upkeep
|turn|27
|
|t:|1685153936
|cant|p2a: Giratina|slp
|move|p2a: Giratina|Sleep Talk|p2a: Giratina
|move|p2a: Giratina|Rest||[from]move: Sleep Talk|[still]
|-fail|p2a: Giratina
|move|p1a: Oranguru|Psychic|p2a: Giratina
|-damage|p2a: Giratina|151/344 slp
|
|-weather|SunnyDay|[upkeep]
|-heal|p2a: Giratina|172/344 slp|[from] item: Leftovers
|-heal|p1a: Oranguru|100/295 tox|[from] item: Leftovers
|-damage|p1a: Oranguru|46/295 tox|[from] psn
|-fieldend|move: Psychic Terrain
|upkeep
|turn|28
|
|t:|1685153954
|cant|p2a: Giratina|slp
|move|p2a: Giratina|Sleep Talk|p2a: Giratina
|move|p2a: Giratina|Toxic|p1a: Oranguru|[from]move: Sleep Talk
|-fail|p1a: Oranguru|tox
|move|p1a: Oranguru|Psychic|p2a: Giratina
|-damage|p2a: Giratina|96/344 slp
|
|-weather|none
|-heal|p2a: Giratina|117/344 slp|[from] item: Leftovers
|-heal|p1a: Oranguru|64/295 tox|[from] item: Leftovers
|-damage|p1a: Oranguru|0 fnt|[from] psn
|faint|p1a: Oranguru
|
|win|koilerz
|upkeep
|l|☆Stormbriar
