|j|☆tvvuhjhhb
|j|☆giratina7860
|t:|1685397412
|gametype|singles
|player|p1|tvvuhjhhb|266|1000
|player|p2|giratina7860|steven|1000
|teamsize|p1|6
|teamsize|p2|6
|gen|8
|tier|[Gen 8] Random Battle
|rated|
|rule|Species Clause: Limit one of each Pokémon
|rule|HP Percentage Mod: HP is shown in percentages
|rule|Sleep Clause Mod: Limit one foe put to sleep
|
|t:|1685397412
|start
|switch|p1a: Salazzle|Salazzle, L82, F|246/246
|switch|p2a: Heatmor|Heatmor, L90, F|299/299
|turn|1
|
|t:|1685397439
|switch|p2a: Gastrodon|Gastrodon-East, L84, F|324/324
|move|p1a: Salazzle|Substitute|p1a: Salazzle
|-start|p1a: Salazzle|Substitute
|-damage|p1a: Salazzle|185/246
|
|-heal|p1a: Salazzle|200/246|[from] item: Black Sludge
|upkeep
|turn|2
|
|t:|1685397449
|move|p1a: Salazzle|Protect|p1a: Salazzle
|-singleturn|p1a: Salazzle|Protect
|move|p2a: Gastrodon|Scald|p1a: Salazzle
|-activate|p1a: Salazzle|move: Protect
|
|-heal|p1a: Salazzle|215/246|[from] item: Black Sludge
|upkeep
|turn|3
|
|t:|1685397505
|move|p1a: Salazzle|Toxic|p2a: Gastrodon
|-status|p2a: Gastrodon|tox
|move|p2a: Gastrodon|Earthquake|p1a: Salazzle
|-supereffective|p1a: Salazzle
|-end|p1a: Salazzle|Substitute
|
|-heal|p1a: Salazzle|230/246|[from] item: Black Sludge
|-damage|p2a: Gastrodon|304/324 tox|[from] psn
|upkeep
|turn|4
|
|t:|1685397519
|move|p1a: Salazzle|Protect|p1a: Salazzle
|-singleturn|p1a: Salazzle|Protect
|move|p2a: Gastrodon|Scald|p1a: Salazzle
|-activate|p1a: Salazzle|move: Protect
|
|-heal|p1a: Salazzle|245/246|[from] item: Black Sludge
|-heal|p2a: Gastrodon|324/324 tox|[from] item: Leftovers
|-damage|p2a: Gastrodon|284/324 tox|[from] psn
|upkeep
|turn|5
|
|t:|1685397529
|move|p1a: Salazzle|Substitute|p1a: Salazzle
|-start|p1a: Salazzle|Substitute
|-damage|p1a: Salazzle|184/246
|move|p2a: Gastrodon|Scald|p1a: Salazzle
|-supereffective|p1a: Salazzle
|-crit|p1a: Salazzle
|-end|p1a: Salazzle|Substitute
|
|-heal|p1a: Salazzle|199/246|[from] item: Black Sludge
|-heal|p2a: Gastrodon|304/324 tox|[from] item: Leftovers
|-damage|p2a: Gastrodon|244/324 tox|[from] psn
|upkeep
|turn|6
|
|t:|1685397540
|move|p1a: Salazzle|Protect|p1a: Salazzle
|-singleturn|p1a: Salazzle|Protect
|move|p2a: Gastrodon|Scald|p1a: Salazzle
|-activate|p1a: Salazzle|move: Protect
|
|-heal|p1a: Salazzle|214/246|[from] item: Black Sludge
|-heal|p2a: Gastrodon|264/324 tox|[from] item: Leftovers
|-damage|p2a: Gastrodon|184/324 tox|[from] psn
|upkeep
|turn|7
|
|t:|1685397553
|switch|p2a: Cursola|Cursola, L86, M|243/243
|move|p1a: Salazzle|Substitute|p1a: Salazzle
|-start|p1a: Salazzle|Substitute
|-damage|p1a: Salazzle|153/246
|
|-heal|p1a: Salazzle|168/246|[from] item: Black Sludge
|upkeep
|turn|8
|
|t:|1685397562
|move|p1a: Salazzle|Toxic|p2a: Cursola
|-status|p2a: Cursola|tox
|move|p2a: Cursola|Hydro Pump|p1a: Salazzle
|-supereffective|p1a: Salazzle
|-end|p1a: Salazzle|Substitute
|
|-heal|p1a: Salazzle|183/246|[from] item: Black Sludge
|-damage|p2a: Cursola|228/243 tox|[from] psn
|upkeep
|turn|9
|
|t:|1685397581
|move|p1a: Salazzle|Protect|p1a: Salazzle
|-singleturn|p1a: Salazzle|Protect
|move|p2a: Cursola|Stealth Rock|p1a: Salazzle
|-sidestart|p1: tvvuhjhhb|move: Stealth Rock
|
|-heal|p1a: Salazzle|198/246|[from] item: Black Sludge
|-heal|p2a: Cursola|243/243 tox|[from] item: Leftovers
|-damage|p2a: Cursola|213/243 tox|[from] psn
|upkeep
|turn|10
|
|t:|1685397595
|move|p1a: Salazzle|Substitute|p1a: Salazzle
|-start|p1a: Salazzle|Substitute
|-damage|p1a: Salazzle|137/246
|move|p2a: Cursola|Earth Power|p1a: Salazzle
|-supereffective|p1a: Salazzle
|-end|p1a: Salazzle|Substitute
|
|-heal|p1a: Salazzle|152/246|[from] item: Black Sludge
|-heal|p2a: Cursola|228/243 tox|[from] item: Leftovers
|-damage|p2a: Cursola|183/243 tox|[from] psn
|upkeep
|turn|11
|
|t:|1685397606
|move|p1a: Salazzle|Protect|p1a: Salazzle
|-singleturn|p1a: Salazzle|Protect
|move|p2a: Cursola|Hydro Pump|p1a: Salazzle
|-activate|p1a: Salazzle|move: Protect
|
|-heal|p1a: Salazzle|167/246|[from] item: Black Sludge
|-heal|p2a: Cursola|198/243 tox|[from] item: Leftovers
|-damage|p2a: Cursola|138/243 tox|[from] psn
|upkeep
|turn|12
|
|t:|1685397633
|switch|p2a: Grapploct|Grapploct, L86, F|278/278
|move|p1a: Salazzle|Substitute|p1a: Salazzle
|-start|p1a: Salazzle|Substitute
|-damage|p1a: Salazzle|106/246
|
|-heal|p1a: Salazzle|121/246|[from] item: Black Sludge
|upkeep
|turn|13
|
|t:|1685397654
|move|p1a: Salazzle|Toxic|p2a: Grapploct
|-status|p2a: Grapploct|tox
|move|p2a: Grapploct|Bulk Up|p2a: Grapploct
|-boost|p2a: Grapploct|atk|1
|-boost|p2a: Grapploct|def|1
|
|-heal|p1a: Salazzle|136/246|[from] item: Black Sludge
|-damage|p2a: Grapploct|261/278 tox|[from] psn
|upkeep
|turn|14
|
|t:|1685397666
|move|p1a: Salazzle|Flamethrower|p2a: Grapploct
|-damage|p2a: Grapploct|150/278 tox
|move|p2a: Grapploct|Bulk Up|p2a: Grapploct
|-boost|p2a: Grapploct|atk|1
|-boost|p2a: Grapploct|def|1
|
|-heal|p1a: Salazzle|151/246|[from] item: Black Sludge
|-damage|p2a: Grapploct|116/278 tox|[from] psn
|upkeep
|turn|15
|
|t:|1685397678
|move|p1a: Salazzle|Protect|p1a: Salazzle
|-singleturn|p1a: Salazzle|Protect
|move|p2a: Grapploct|Drain Punch|p1a: Salazzle
|-activate|p1a: Salazzle|move: Protect
|
|-heal|p1a: Salazzle|166/246|[from] item: Black Sludge
|-damage|p2a: Grapploct|65/278 tox|[from] psn
|upkeep
|turn|16
|
|t:|1685397688
|move|p1a: Salazzle|Flamethrower|p2a: Grapploct
|-damage|p2a: Grapploct|0 fnt
|faint|p2a: Grapploct
|
|-heal|p1a: Salazzle|181/246|[from] item: Black Sludge
|upkeep
|-message|giratina7860 forfeited.
|
|win|tvvuhjhhb
|raw|tvvuhjhhb's rating: 1000 &rarr; <strong>1040</strong><br />(+40 for winning)
|raw|giratina7860's rating: 1000 &rarr; <strong>1000</strong><br />(+0 for losing)
|l|☆giratina7860
