{"id": "gen8randombattle-1871578804", "p1": "Satanitar", "p2": "gareeb adani", "format": "[Gen 8] Random Battle", "log": "|j|\u2606Satanitar\n|j|\u2606gareeb adani\n|t:|1685109034\n|gametype|singles\n|player|p1|Satanitar|2|1376\n|player|p2|gareeb adani|101|1432\n|teamsize|p1|6\n|teamsize|p2|6\n|gen|8\n|tier|[Gen 8] Random Battle\n|rated|\n|rule|Species Clause: Limit one of each Pok\u00e9mon\n|rule|HP Percentage Mod: HP is shown in percentages\n|rule|Sleep Clause Mod: Limit one foe put to sleep\n|\n|t:|1685109034\n|start\n|switch|p1a: Arctovish|Arctovish, L86|295/295\n|switch|p2a: Weavile|Weavile, L79, M|240/240\n|turn|1\n|inactive|Battle timer is ON: inactive players will automatically lose when time's up. (requested by Satanitar)\n|\n|t:|1685109055\n|move|p2a: Weavile|Knock Off|p1a: Arctovish\n|-damage|p1a: Arctovish|195/295\n|-enditem|p1a: Arctovish|Choice Band|[from] move: Knock Off|[of] p2a: Weavile\n|move|p1a: Arctovish|Body Slam|p2a: Weavile\n|-damage|p2a: Weavile|167/240\n|\n|upkeep\n|turn|2\n|\n|t:|1685109066\n|switch|p2a: Drapion|Drapion, L82, F|249/249\n|move|p1a: Arctovish|Body Slam|p2a: Drapion\n|-damage|p2a: Drapion|201/249\n|\n|-heal|p2a: Drapion|216/249|[from] item: Black Sludge\n|upkeep\n|turn|3\n|\n|t:|1685109077\n|move|p2a: Drapion|Earthquake|p1a: Arctovish\n|-damage|p1a: Arctovish|137/295\n|move|p1a: Arctovish|Body Slam|p2a: Drapion\n|-damage|p2a: Drapion|160/249\n|-status|p2a: Drapion|par\n|\n|-heal|p2a: Drapion|175/249 par|[from] item: Black Sludge\n|upkeep\n|turn|4\n|\n|t:|1685109098\n|move|p1a: Arctovish|Fishious Rend|p2a: Drapion\n|-damage|p2a: Drapion|9/249 par\n|move|p2a: Drapion|Earthquake|p1a: Arctovish\n|-damage|p1a: Arctovish|84/295\n|\n|-heal|p2a: Drapion|24/249 par|[from] item: Black Sludge\n|upkeep\n|turn|5\n|\n|t:|1685109105\n|move|p1a: Arctovish|Fishious Rend|p2a: Drapion\n|-damage|p2a: Drapion|0 fnt\n|faint|p2a: Drapion\n|\n|upkeep\n|\n|t:|1685109109\n|switch|p2a: Nihilego|Nihilego, L79|302/302\n|turn|6\n|\n|t:|1685109124\n|move|p2a: Nihilego|Power Gem|p1a: Arctovish\n|-supereffective|p1a: Arctovish\n|-damage|p1a: Arctovish|0 fnt\n|faint|p1a: Arctovish\n|-ability|p2a: Nihilego|Beast Boost|boost\n|-boost|p2a: Nihilego|spa|1\n|\n|upkeep\n|\n|t:|1685109130\n|switch|p1a: Slowbro|Slowbro-Galar, L86, F|304/304\n|turn|7\n|\n|t:|1685109137\n|move|p2a: Nihilego|Power Gem|p1a: Slowbro\n|-damage|p1a: Slowbro|84/304\n|move|p1a: Slowbro|Psychic|p2a: Nihilego\n|-supereffective|p2a: Nihilego\n|-damage|p2a: Nihilego|81/302\n|-damage|p1a: Slowbro|54/304|[from] item: Life Orb\n|\n|upkeep\n|turn|8\n|\n|t:|1685109141\n|move|p2a: Nihilego|Power Gem|p1a: Slowbro\n|-damage|p1a: Slowbro|0 fnt\n|faint|p1a: Slowbro\n|-ability|p2a: Nihilego|Beast Boost|boost\n|-boost|p2a: Nihilego|spa|1\n|\n|upkeep\n|\n|t:|1685109152\n|switch|p1a: Magmortar|Magmortar, L86, M|269/269\n|turn|9\n|\n|t:|1685109155\n|-start|p1a: Magmortar|Dynamax|\n|-heal|p1a: Magmortar|538/538|[silent]\n|move|p2a: Nihilego|Power Gem|p1a: Magmortar\n|-supereffective|p1a: Magmortar\n|-damage|p1a: Magmortar|56/538\n|move|p1a: Magmortar|Max Quake|p2a: Nihilego\n|-supereffective|p2a: Nihilego\n|-damage|p2a: Nihilego|0 fnt\n|-boost|p1a: Magmortar|spd|1\n|faint|p2a: Nihilego\n|\n|upkeep\n|\n|t:|1685109161\n|switch|p2a: Weavile|Weavile, L79, M|167/240\n|turn|10\n|\n|t:|1685109175\n|move|p2a: Weavile|Knock Off|p1a: Magmortar\n|-damage|p1a: Magmortar|0 fnt\n|-status|p2a: Weavile|brn|[from] ability: Flame Body|[of] p1a: Magmortar\n|-enditem|p1a: Magmortar|Heavy-Duty Boots|[from] move: Knock Off|[of] p2a: Weavile\n|faint|p1a: Magmortar\n|\n|-damage|p2a: Weavile|152/240 brn|[from] brn\n|upkeep\n|\n|t:|1685109180\n|switch|p1a: Tapu Fini|Tapu Fini, L78|237/237\n|-fieldstart|move: Misty Terrain|[from] ability: Misty Surge|[of] p1a: Tapu Fini\n|turn|11\n|inactive|gareeb adani has 120 seconds left.\n|\n|t:|1685109229\n|switch|p2a: Lurantis|Lurantis, L86, F|261/261\n|move|p1a: Tapu Fini|Moonblast|p2a: Lurantis\n|-damage|p2a: Lurantis|183/261\n|\n|upkeep\n|turn|12\n|\n|t:|1685109244\n|switch|p1a: Hydreigon|Hydreigon, L80, M|278/278\n|move|p2a: Lurantis|Leaf Storm|p1a: Hydreigon\n|-resisted|p1a: Hydreigon\n|-damage|p1a: Hydreigon|199/278\n|-boost|p2a: Lurantis|spa|2\n|-damage|p2a: Lurantis|157/261|[from] item: Life Orb\n|\n|upkeep\n|turn|13\n|inactive|gareeb adani has 120 seconds left.\n|\n|t:|1685109253\n|move|p1a: Hydreigon|Dark Pulse|p2a: Lurantis\n|-damage|p2a: Lurantis|28/261\n|-damage|p1a: Hydreigon|172/278|[from] item: Life Orb\n|move|p2a: Lurantis|Superpower|p1a: Hydreigon\n|-supereffective|p1a: Hydreigon\n|-damage|p1a: Hydreigon|0 fnt\n|-boost|p2a: Lurantis|atk|1\n|-boost|p2a: Lurantis|def|1\n|faint|p1a: Hydreigon\n|-damage|p2a: Lurantis|2/261|[from] item: Life Orb\n|\n|upkeep\n|\n|t:|1685109282\n|switch|p1a: Shiftry|Shiftry, L86, F|295/295\n|turn|14\n|\n|t:|1685109285\n|move|p1a: Shiftry|Heat Wave|p2a: Lurantis\n|-supereffective|p2a: Lurantis\n|-damage|p2a: Lurantis|0 fnt\n|faint|p2a: Lurantis\n|-damage|p1a: Shiftry|266/295|[from] item: Life Orb\n|\n|upkeep\n|\n|t:|1685109294\n|switch|p2a: Kommo-o|Kommo-o, L80, F|251/251\n|turn|15\n|inactive|Satanitar has 120 seconds left.\n|\n|t:|1685109351\n|switch|p1a: Tapu Fini|Tapu Fini, L78|237/237\n|move|p2a: Kommo-o|Clangorous Soul|p2a: Kommo-o\n|-boost|p2a: Kommo-o|atk|1\n|-boost|p2a: Kommo-o|def|1\n|-boost|p2a: Kommo-o|spa|1\n|-boost|p2a: Kommo-o|spd|1\n|-boost|p2a: Kommo-o|spe|1\n|-damage|p2a: Kommo-o|169/251\n|-enditem|p2a: Kommo-o|Throat Spray\n|-boost|p2a: Kommo-o|spa|1|[from] item: Throat Spray\n|\n|-fieldend|Misty Terrain\n|upkeep\n|turn|16\n|\n|t:|1685109355\n|-start|p2a: Kommo-o|Dynamax|\n|-heal|p2a: Kommo-o|338/502|[silent]\n|move|p2a: Kommo-o|Max Ooze|p1a: Tapu Fini\n|-supereffective|p1a: Tapu Fini\n|-damage|p1a: Tapu Fini|59/237\n|-boost|p2a: Kommo-o|spa|1\n|move|p1a: Tapu Fini|Moonblast|p2a: Kommo-o\n|-supereffective|p2a: Kommo-o\n|-damage|p2a: Kommo-o|142/502\n|\n|-heal|p1a: Tapu Fini|73/237|[from] item: Leftovers\n|upkeep\n|turn|17\n|-message|Satanitar forfeited.\n|\n|win|gareeb adani\n|raw|Satanitar's rating: 1393 &rarr; <strong>1376</strong><br />(-17 for losing)\n|raw|gareeb adani's rating: 1454 &rarr; <strong>1471</strong><br />(+17 for winning)\n|l|\u2606Satanitar\n", "inputlog": ">version 61c68e60481ef09071210320730fc448fef50368\n>start {\"formatid\":\"gen8randombattle\",\"seed\":[30439,623,15894,26527],\"rated\":\"Rated battle\"}\n>player p1 {\"name\":\"Satanitar\",\"avatar\":\"2\",\"rating\":1376,\"seed\":[46573,25019,64229,24643]}\n>player p2 {\"name\":\"gareeb adani\",\"avatar\":\"101\",\"rating\":1432,\"seed\":[7863,43881,3845,32539]}\n>p1 move bodyslam\n>p2 move knockoff\n>p1 move bodyslam\n>p2 switch 6\n>p1 move bodyslam\n>p2 move earthquake\n>p1 move fishiousrend\n>p2 move earthquake\n>p1 move fishiousrend\n>p2 move earthquake\n>p2 switch 5\n>p1 move fishiousrend\n>p2 move powergem\n>p1 switch 3\n>p1 move psychic\n>p2 move powergem\n>p1 move psychic\n>p2 move powergem\n>p1 switch 5\n>p1 move earthquake dynamax\n>p2 move powergem\n>p2 switch 6\n>p1 move focusblast dynamax\n>p2 move knockoff\n>p1 switch 4\n>p1 move moonblast\n>p2 switch 2\n>p1 switch 6\n>p2 move leafstorm\n>p1 move darkpulse\n>p2 move superpower\n>p1 switch 2\n>p1 move heatwave\n>p2 move superpower\n>p2 switch 4\n>p1 switch 6\n>p2 move clangoroussoul\n>p1 move moonblast\n>p2 move poisonjab dynamax\n>forcelose p1", "uploadtime": 1685109377, "views": 3, "p1id": "satanitar", "p2id": "gareebadani", "formatid": "gen8randombattle", "rating": 1376, "private": 0, "password": ""}