|j|☆klop87950
|j|☆LiJing0520
|t:|1685542999
|gametype|singles
|player|p1|klop87950|169|1144
|player|p2|LiJing0520|2|1260
|teamsize|p1|6
|teamsize|p2|6
|gen|8
|tier|[Gen 8] Random Battle
|rated|
|rule|Species Clause: Limit one of each Pokémon
|rule|HP Percentage Mod: HP is shown in percentages
|rule|Sleep Clause Mod: Limit one foe put to sleep
|
|t:|1685542999
|start
|switch|p1a: Vespiquen|Vespiquen, L96, F|290/290
|switch|p2a: Rayquaza|Rayquaza, L74|277/277
|-ability|p2a: Rayquaza|Air Lock
|-ability|p1a: Vespiquen|Pressure
|turn|1
|
|t:|1685543040
|move|p2a: Rayquaza|Dragon Ascent|p1a: Vespiquen
|-supereffective|p1a: Vespiquen
|-damage|p1a: Vespiquen|0 fnt
|-unboost|p2a: Rayquaza|def|1
|-unboost|p2a: Rayquaza|spd|1
|faint|p1a: Vespiquen
|
|upkeep
|inactive|Battle timer is ON: inactive players will automatically lose when time's up. (requested by LiJing0520)
|
|t:|1685543052
|switch|p1a: Altaria|Altaria, L90, M|281/281
|turn|2
|
|t:|1685543064
|switch|p2a: Dialga|Dialga, L74|270/270
|-ability|p2a: Dialga|Pressure
|move|p1a: Altaria|Draco Meteor|p2a: Dialga
|-damage|p2a: Dialga|140/270
|-unboost|p1a: Altaria|spa|2
|
|-heal|p2a: Dialga|156/270|[from] item: Leftovers
|upkeep
|turn|3
|
|t:|1685543078
|-start|p2a: Dialga|Dynamax|
|-heal|p2a: Dialga|312/540|[silent]
|move|p1a: Altaria|Earthquake|p2a: Dialga
|-supereffective|p2a: Dialga
|-damage|p2a: Dialga|194/540
|move|p2a: Dialga|Max Wyrmwind|p1a: Altaria
|-supereffective|p1a: Altaria
|-damage|p1a: Altaria|3/281
|-unboost|p1a: Altaria|atk|1
|
|-heal|p1a: Altaria|20/281|[from] item: Leftovers
|-heal|p2a: Dialga|210/540|[from] item: Leftovers
|upkeep
|turn|4
|
|t:|1685543093
|move|p1a: Altaria|Roost|p1a: Altaria
|-heal|p1a: Altaria|161/281
|-singleturn|p1a: Altaria|move: Roost
|move|p2a: Dialga|Max Wyrmwind|p1a: Altaria
|-supereffective|p1a: Altaria
|-damage|p1a: Altaria|0 fnt
|faint|p1a: Altaria
|
|-heal|p2a: Dialga|226/540|[from] item: Leftovers
|upkeep
|
|t:|1685543107
|switch|p1a: Hippowdon|Hippowdon, L80, F|304/304
|-weather|Sandstorm|[from] ability: Sand Stream|[of] p1a: Hippowdon
|turn|5
|
|t:|1685543125
|move|p2a: Dialga|Max Steelspike|p1a: Hippowdon
|-damage|p1a: Hippowdon|126/304
|-boost|p2a: Dialga|def|1
|move|p1a: Hippowdon|Earthquake|p2a: Dialga
|-supereffective|p2a: Dialga
|-damage|p2a: Dialga|100/540
|
|-weather|Sandstorm|[upkeep]
|-heal|p2a: Dialga|116/540|[from] item: Leftovers
|-heal|p1a: Hippowdon|145/304|[from] item: Leftovers
|upkeep
|-end|p2a: Dialga|Dynamax
|-heal|p2a: Dialga|58/270|[silent]
|turn|6
|
|t:|1685543141
|move|p2a: Dialga|Draco Meteor|p1a: Hippowdon
|-damage|p1a: Hippowdon|0 fnt
|-unboost|p2a: Dialga|spa|2
|faint|p1a: Hippowdon
|
|-weather|Sandstorm|[upkeep]
|-heal|p2a: Dialga|74/270|[from] item: Leftovers
|upkeep
|
|t:|1685543152
|switch|p1a: Umbreon|Umbreon, L82, M|290/290
|turn|7
|
|t:|1685543163
|move|p2a: Dialga|Toxic|p1a: Umbreon
|-status|p1a: Umbreon|tox
|-activate|p1a: Umbreon|ability: Synchronize
|-immune|p2a: Dialga
|move|p1a: Umbreon|Foul Play|p2a: Dialga
|-damage|p2a: Dialga|25/270
|
|-weather|Sandstorm|[upkeep]
|-damage|p1a: Umbreon|272/290 tox|[from] Sandstorm
|-heal|p2a: Dialga|41/270|[from] item: Leftovers
|-heal|p1a: Umbreon|290/290 tox|[from] item: Leftovers
|-damage|p1a: Umbreon|272/290 tox|[from] psn
|upkeep
|turn|8
|
|t:|1685543178
|move|p2a: Dialga|Stealth Rock|p1a: Umbreon
|-sidestart|p1: klop87950|move: Stealth Rock
|move|p1a: Umbreon|Foul Play|p2a: Dialga
|-damage|p2a: Dialga|0 fnt
|faint|p2a: Dialga
|
|-weather|Sandstorm|[upkeep]
|-damage|p1a: Umbreon|254/290 tox|[from] Sandstorm
|-heal|p1a: Umbreon|272/290 tox|[from] item: Leftovers
|-damage|p1a: Umbreon|236/290 tox|[from] psn
|upkeep
|
|t:|1685543192
|switch|p2a: Sceptile|Sceptile, L86, M|261/261
|turn|9
|
|t:|1685543198
|move|p2a: Sceptile|Giga Drain|p1a: Umbreon
|-damage|p1a: Umbreon|150/290 tox
|-damage|p2a: Sceptile|235/261|[from] item: Life Orb
|move|p1a: Umbreon|Toxic|p2a: Sceptile
|-status|p2a: Sceptile|tox
|
|-weather|none
|-heal|p1a: Umbreon|168/290 tox|[from] item: Leftovers
|-damage|p2a: Sceptile|219/261 tox|[from] psn
|-damage|p1a: Umbreon|114/290 tox|[from] psn
|upkeep
|turn|10
|
|t:|1685543212
|move|p2a: Sceptile|Leaf Storm|p1a: Umbreon
|-damage|p1a: Umbreon|0 fnt
|-unboost|p2a: Sceptile|spa|2
|faint|p1a: Umbreon
|-damage|p2a: Sceptile|193/261 tox|[from] item: Life Orb
|
|-damage|p2a: Sceptile|161/261 tox|[from] psn
|upkeep
|
|t:|1685543222
|switch|p1a: Flareon|Flareon, L86, F|251/251
|-damage|p1a: Flareon|189/251|[from] Stealth Rock
|turn|11
|
|t:|1685543229
|-start|p1a: Flareon|Dynamax|
|-heal|p1a: Flareon|378/502|[silent]
|move|p2a: Sceptile|Earthquake|p1a: Flareon
|-supereffective|p1a: Flareon
|-damage|p1a: Flareon|167/502
|-damage|p2a: Sceptile|135/261 tox|[from] item: Life Orb
|move|p1a: Flareon|Max Flare|p2a: Sceptile
|-supereffective|p2a: Sceptile
|-damage|p2a: Sceptile|0 fnt
|-weather|SunnyDay
|faint|p2a: Sceptile
|
|-weather|SunnyDay|[upkeep]
|-status|p1a: Flareon|tox|[from] item: Toxic Orb
|upkeep
|
|t:|1685543248
|switch|p2a: Runerigus|Runerigus, L84, F|235/235
|turn|12
|
|t:|1685543259
|move|p1a: Flareon|Max Knuckle|p2a: Runerigus
|-immune|p2a: Runerigus
|move|p2a: Runerigus|Earthquake|p1a: Flareon
|-supereffective|p1a: Flareon
|-damage|p1a: Flareon|0 fnt
|faint|p1a: Flareon
|
|-weather|SunnyDay|[upkeep]
|upkeep
|
|t:|1685543270
|switch|p1a: Kabutops|Kabutops, L82, F|233/233
|-damage|p1a: Kabutops|204/233|[from] Stealth Rock
|turn|13
|
|t:|1685543277
|move|p1a: Kabutops|Aqua Jet|p2a: Runerigus
|-supereffective|p2a: Runerigus
|-damage|p2a: Runerigus|196/235
|-activate|p2a: Runerigus|ability: Wandering Spirit|Swift Swim|Wandering Spirit|[of] p1a: Kabutops
|-damage|p1a: Kabutops|181/233|[from] item: Life Orb
|move|p2a: Runerigus|Earthquake|p1a: Kabutops
|-supereffective|p1a: Kabutops
|-damage|p1a: Kabutops|0 fnt
|faint|p1a: Kabutops
|
|win|LiJing0520
|raw|klop87950's rating: 1144 &rarr; <strong>1127</strong><br />(-17 for losing)
|raw|LiJing0520's rating: 1260 &rarr; <strong>1277</strong><br />(+17 for winning)
|l|☆klop87950
