|j|☆Shadows4
|j|‽norman2!
|t:|1668114538
|gametype|singles
|player|p1|Shadows4|fisherman-gen4|2418
|player|p2|norman2!|2|2438
|teamsize|p1|6
|teamsize|p2|6
|gen|8
|tier|[Gen 8] Random Battle
|rated|
|rule|Species Clause: Limit one of each Pokémon
|rule|HP Percentage Mod: HP is shown in percentages
|rule|Sleep Clause Mod: Limit one foe put to sleep
|
|t:|1668114538
|start
|switch|p1a: Cofagrigus|Cofagrigus, L86, M|240/240
|switch|p2a: Altaria|Altaria, L90, M|281/281
|turn|1
|inactive|Battle timer is ON: inactive players will automatically lose when time's up. (requested by Shadows4)
|
|t:|1668114565
|switch|p1a: Duraludon|Duraludon, L84, M|255/255
|move|p2a: Altaria|Toxic|p1a: Duraludon
|-immune|p1a: Duraludon
|
|upkeep
|turn|2
|
|t:|1668114580
|move|p2a: Altaria|Draco Meteor|p1a: Duraludon
|-damage|p1a: Duraludon|77/255
|-unboost|p2a: Altaria|spa|2
|move|p1a: Duraludon|Stealth Rock|p2a: Altaria
|-sidestart|p2: norman2!|move: Stealth Rock
|
|upkeep
|turn|3
|
|t:|1668114585
|move|p2a: Altaria|Draco Meteor|p1a: Duraludon
|-damage|p1a: Duraludon|0 fnt
|-unboost|p2a: Altaria|spa|2
|faint|p1a: Duraludon
|
|upkeep
|
|t:|1668114592
|switch|p1a: Omastar|Omastar, L82, F|249/249
|turn|4
|
|t:|1668114600
|move|p2a: Altaria|Toxic|p1a: Omastar|[miss]
|-miss|p2a: Altaria|p1a: Omastar
|move|p1a: Omastar|Shell Smash|p1a: Omastar
|-unboost|p1a: Omastar|def|1
|-unboost|p1a: Omastar|spd|1
|-boost|p1a: Omastar|atk|2
|-boost|p1a: Omastar|spa|2
|-boost|p1a: Omastar|spe|2
|-enditem|p1a: Omastar|White Herb
|-clearnegativeboost|p1a: Omastar|[silent]
|
|upkeep
|turn|5
|
|t:|1668114610
|move|p1a: Omastar|Ice Beam|p2a: Altaria
|-supereffective|p2a: Altaria
|-damage|p2a: Altaria|0 fnt
|faint|p2a: Altaria
|
|upkeep
|
|t:|1668114614
|switch|p2a: Virizion|Virizion, L82|283/283
|-damage|p2a: Virizion|266/283|[from] Stealth Rock
|turn|6
|
|t:|1668114618
|-start|p2a: Virizion|Dynamax|
|-heal|p2a: Virizion|532/566|[silent]
|move|p1a: Omastar|Ice Beam|p2a: Virizion
|-supereffective|p2a: Virizion
|-damage|p2a: Virizion|310/566
|move|p2a: Virizion|Max Overgrowth|p1a: Omastar
|-supereffective|p1a: Omastar
|-damage|p1a: Omastar|0 fnt
|-fieldstart|move: Grassy Terrain
|faint|p1a: Omastar
|
|-heal|p2a: Virizion|327/566|[from] Grassy Terrain
|upkeep
|
|t:|1668114632
|switch|p1a: Ferrothorn|Ferrothorn, L78, M|244/244
|turn|7
|
|t:|1668114637
|switch|p1a: Cofagrigus|Cofagrigus, L86, M|240/240
|move|p2a: Virizion|Max Overgrowth|p1a: Cofagrigus
|-damage|p1a: Cofagrigus|138/240
|
|-heal|p2a: Virizion|344/566|[from] Grassy Terrain
|-heal|p1a: Cofagrigus|153/240|[from] Grassy Terrain
|-heal|p1a: Cofagrigus|168/240|[from] item: Leftovers
|upkeep
|turn|8
|
|t:|1668114642
|switch|p1a: Ferrothorn|Ferrothorn, L78, M|244/244
|move|p2a: Virizion|Max Overgrowth|p1a: Ferrothorn
|-resisted|p1a: Ferrothorn
|-damage|p1a: Ferrothorn|213/244
|
|-heal|p2a: Virizion|361/566|[from] Grassy Terrain
|-heal|p1a: Ferrothorn|228/244|[from] Grassy Terrain
|-heal|p1a: Ferrothorn|243/244|[from] item: Leftovers
|upkeep
|-end|p2a: Virizion|Dynamax
|-heal|p2a: Virizion|181/283|[silent]
|turn|9
|j| Ka$h Kev
|
|t:|1668114651
|switch|p1a: Cofagrigus|Cofagrigus, L86, M|168/240
|move|p2a: Virizion|Swords Dance|p2a: Virizion
|-boost|p2a: Virizion|atk|2
|
|-heal|p2a: Virizion|198/283|[from] Grassy Terrain
|-heal|p1a: Cofagrigus|183/240|[from] Grassy Terrain
|-heal|p1a: Cofagrigus|198/240|[from] item: Leftovers
|upkeep
|turn|10
|
|t:|1668114681
|move|p2a: Virizion|Leaf Blade|p1a: Cofagrigus
|-damage|p1a: Cofagrigus|41/240
|-activate|p1a: Cofagrigus|ability: Mummy|Justified|[of] p2a: Virizion
|move|p1a: Cofagrigus|Memento|p2a: Virizion
|-unboost|p2a: Virizion|atk|2
|-unboost|p2a: Virizion|spa|2
|faint|p1a: Cofagrigus
|
|-heal|p2a: Virizion|215/283|[from] Grassy Terrain
|-fieldend|move: Grassy Terrain
|upkeep
|inactive|Shadows4 has 120 seconds left.
|
|t:|1668114692
|switch|p1a: Marowak|Marowak, L86, F|243/243
|turn|11
|inactive|Shadows4 has 120 seconds left.
|
|t:|1668114707
|-start|p1a: Marowak|Dynamax|
|-heal|p1a: Marowak|486/486|[silent]
|move|p2a: Virizion|Leaf Blade|p1a: Marowak
|-supereffective|p1a: Marowak
|-damage|p1a: Marowak|352/486
|move|p1a: Marowak|Max Strike|p2a: Virizion
|-damage|p2a: Virizion|0 fnt
|faint|p2a: Virizion
|
|upkeep
|inactive|norman2! has 120 seconds left.
|
|t:|1668114738
|switch|p2a: Obstagoon|Obstagoon, L80, M|280/280
|-damage|p2a: Obstagoon|245/280|[from] Stealth Rock
|turn|12
|
|t:|1668114742
|move|p2a: Obstagoon|Bulk Up|p2a: Obstagoon
|-boost|p2a: Obstagoon|atk|1
|-boost|p2a: Obstagoon|def|1
|move|p1a: Marowak|Max Quake|p2a: Obstagoon
|-damage|p2a: Obstagoon|79/280
|-boost|p1a: Marowak|spd|1
|
|-status|p2a: Obstagoon|brn|[from] item: Flame Orb
|upkeep
|turn|13
|
|t:|1668114748
|move|p2a: Obstagoon|Knock Off|p1a: Marowak
|-damage|p1a: Marowak|172/486
|-enditem|p1a: Marowak|Thick Club|[from] move: Knock Off|[of] p2a: Obstagoon
|move|p1a: Marowak|Max Quake|p2a: Obstagoon
|-damage|p2a: Obstagoon|1/280 brn
|-boost|p1a: Marowak|spd|1
|
|-damage|p2a: Obstagoon|0 fnt|[from] brn
|faint|p2a: Obstagoon
|upkeep
|
|t:|1668114757
|switch|p2a: Zapdos|Zapdos-Galar, L76|262/262
|-damage|p2a: Zapdos|230/262|[from] Stealth Rock
|-end|p1a: Marowak|Dynamax
|-heal|p1a: Marowak|86/243|[silent]
|turn|14
|
|t:|1668114766
|move|p2a: Zapdos|Bulk Up|p2a: Zapdos
|-boost|p2a: Zapdos|atk|1
|-boost|p2a: Zapdos|def|1
|move|p1a: Marowak|Double-Edge|p2a: Zapdos
|-damage|p2a: Zapdos|173/262
|
|upkeep
|turn|15
|
|t:|1668114778
|move|p2a: Zapdos|Close Combat|p1a: Marowak
|-damage|p1a: Marowak|0 fnt
|-unboost|p2a: Zapdos|def|1
|-unboost|p2a: Zapdos|spd|1
|faint|p1a: Marowak
|-damage|p2a: Zapdos|147/262|[from] item: Life Orb
|
|upkeep
|
|t:|1668114786
|switch|p1a: Butterfree|Butterfree, L87, M|246/246
|turn|16
|
|t:|1668114789
|switch|p1a: Ferrothorn|Ferrothorn, L78, M|243/244
|move|p2a: Zapdos|Brave Bird|p1a: Ferrothorn
|-damage|p1a: Ferrothorn|32/244
|-damage|p2a: Zapdos|115/262|[from] ability: Iron Barbs|[of] p1a: Ferrothorn
|-damage|p2a: Zapdos|45/262|[from] Recoil
|-damage|p2a: Zapdos|19/262|[from] item: Life Orb
|
|-heal|p1a: Ferrothorn|47/244|[from] item: Leftovers
|upkeep
|turn|17
|
|t:|1668114797
|move|p2a: Zapdos|Brave Bird|p1a: Ferrothorn
|-damage|p1a: Ferrothorn|0 fnt
|-damage|p2a: Zapdos|0 fnt|[from] ability: Iron Barbs|[of] p1a: Ferrothorn
|faint|p1a: Ferrothorn
|faint|p2a: Zapdos
|
|upkeep
|
|t:|1668114806
|switch|p2a: Heatmor|Heatmor, L90, M|299/299
|switch|p1a: Butterfree|Butterfree, L87, M|246/246
|-damage|p2a: Heatmor|225/299|[from] Stealth Rock
|turn|18
|
|t:|1668114812
|move|p1a: Butterfree|Sleep Powder|p2a: Heatmor
|-status|p2a: Heatmor|slp|[from] move: Sleep Powder
|cant|p2a: Heatmor|slp
|
|upkeep
|turn|19
|
|t:|1668114837
|move|p1a: Butterfree|Bug Buzz|p2a: Heatmor
|-resisted|p2a: Heatmor
|-damage|p2a: Heatmor|105/299 slp
|cant|p2a: Heatmor|slp
|
|upkeep
|turn|20
|
|t:|1668114851
|-curestatus|p2a: Heatmor|slp|[msg]
|move|p2a: Heatmor|Sucker Punch|p1a: Butterfree
|-damage|p1a: Butterfree|141/246
|-damage|p2a: Heatmor|76/299|[from] item: Life Orb
|move|p1a: Butterfree|Bug Buzz|p2a: Heatmor
|-resisted|p2a: Heatmor
|-damage|p2a: Heatmor|0 fnt
|faint|p2a: Heatmor
|
|upkeep
|
|t:|1668114853
|switch|p2a: Barbaracle|Barbaracle, L80, F|246/246
|-damage|p2a: Barbaracle|216/246|[from] Stealth Rock
|turn|21
|
|t:|1668114877
|move|p1a: Butterfree|Sleep Powder|p2a: Barbaracle
|-status|p2a: Barbaracle|slp|[from] move: Sleep Powder
|cant|p2a: Barbaracle|slp
|
|upkeep
|turn|22
|
|t:|1668114881
|move|p1a: Butterfree|Bug Buzz|p2a: Barbaracle
|-damage|p2a: Barbaracle|122/246 slp
|-unboost|p2a: Barbaracle|spd|1
|-enditem|p2a: Barbaracle|White Herb
|-clearnegativeboost|p2a: Barbaracle|[silent]
|cant|p2a: Barbaracle|slp
|
|upkeep
|turn|23
|
|t:|1668114891
|move|p1a: Butterfree|Air Slash|p2a: Barbaracle
|-resisted|p2a: Barbaracle
|-damage|p2a: Barbaracle|40/246 slp
|cant|p2a: Barbaracle|slp
|
|upkeep
|turn|24
|j| byrddd
|
|t:|1668114897
|move|p1a: Butterfree|Bug Buzz|p2a: Barbaracle
|-damage|p2a: Barbaracle|0 fnt
|faint|p2a: Barbaracle
|
|win|Shadows4
|raw|Shadows4's rating: 2418 &rarr; <strong>2439</strong><br />(+21 for winning)
|raw|norman2!'s rating: 2438 &rarr; <strong>2417</strong><br />(-21 for losing)
