{"id": "gen8randombattle-1873654768", "p1": "MeninoNery", "p2": "eateded", "format": "[Gen 8] Random Battle", "log": "|j|\u2606MeninoNery\n|j|\u2606eateded\n|t:|1685401841\n|gametype|singles\n|player|p1|MeninoNery|hooligans|1110\n|player|p2|eateded|2|1036\n|teamsize|p1|6\n|teamsize|p2|6\n|gen|8\n|tier|[Gen 8] Random Battle\n|rated|\n|rule|Species Clause: Limit one of each Pok\u00e9mon\n|rule|HP Percentage Mod: HP is shown in percentages\n|rule|Sleep Clause Mod: Limit one foe put to sleep\n|\n|t:|1685401841\n|start\n|switch|p1a: Shiinotic|Shiinotic, L86, F|243/243\n|switch|p2a: Pelipper|Pelipper, L86, F|243/243\n|-weather|RainDance|[from] ability: Drizzle|[of] p2a: Pelipper\n|turn|1\n|\n|t:|1685401853\n|move|p2a: Pelipper|U-turn|p1a: Shiinotic\n|-damage|p1a: Shiinotic|205/243\n|-status|p2a: Pelipper|slp|[from] ability: Effect Spore|[of] p1a: Shiinotic\n|\n|t:|1685401868\n|switch|p2a: Hatterene|Hatterene, L86, F|238/238|[from] U-turn\n|move|p1a: Shiinotic|Moonblast|p2a: Hatterene\n|-damage|p2a: Hatterene|154/238\n|\n|-weather|RainDance|[upkeep]\n|-heal|p1a: Shiinotic|220/243|[from] item: Leftovers\n|upkeep\n|turn|2\n|\n|t:|1685401879\n|move|p1a: Shiinotic|Leech Seed|p2a: Hatterene\n|move|p2a: Hatterene|Leech Seed|p1a: Shiinotic|[from]ability: Magic Bounce\n|-immune|p1a: Shiinotic\n|move|p2a: Hatterene|Mystical Fire|p1a: Shiinotic\n|-supereffective|p1a: Shiinotic\n|-damage|p1a: Shiinotic|142/243\n|-unboost|p1a: Shiinotic|spa|1\n|-damage|p2a: Hatterene|131/238|[from] item: Life Orb\n|\n|-weather|RainDance|[upkeep]\n|-heal|p1a: Shiinotic|157/243|[from] item: Leftovers\n|upkeep\n|turn|3\n|\n|t:|1685401895\n|move|p1a: Shiinotic|Energy Ball|p2a: Hatterene\n|-damage|p2a: Hatterene|74/238\n|move|p2a: Hatterene|Mystical Fire|p1a: Shiinotic\n|-supereffective|p1a: Shiinotic\n|-damage|p1a: Shiinotic|74/243\n|-unboost|p1a: Shiinotic|spa|1\n|-damage|p2a: Hatterene|51/238|[from] item: Life Orb\n|\n|-weather|RainDance|[upkeep]\n|-heal|p1a: Shiinotic|89/243|[from] item: Leftovers\n|upkeep\n|turn|4\n|\n|t:|1685401907\n|move|p1a: Shiinotic|Moonblast|p2a: Hatterene\n|-damage|p2a: Hatterene|8/238\n|move|p2a: Hatterene|Mystical Fire|p1a: Shiinotic\n|-supereffective|p1a: Shiinotic\n|-damage|p1a: Shiinotic|8/243\n|-unboost|p1a: Shiinotic|spa|1\n|-damage|p2a: Hatterene|0 fnt|[from] item: Life Orb\n|faint|p2a: Hatterene\n|\n|-weather|RainDance|[upkeep]\n|-heal|p1a: Shiinotic|23/243|[from] item: Leftovers\n|upkeep\n|\n|t:|1685401920\n|switch|p2a: Luxray|Luxray, L84, F|272/272\n|turn|5\n|\n|t:|1685401931\n|move|p2a: Luxray|Crunch|p1a: Shiinotic\n|-resisted|p1a: Shiinotic\n|-damage|p1a: Shiinotic|0 fnt\n|-message|Sleep Clause Mod activated.\n|-hint|Sleep Clause Mod prevents players from putting more than one of their opponent's Pok\u00e9mon to sleep at a time\n|faint|p1a: Shiinotic\n|\n|-weather|none\n|-status|p2a: Luxray|brn|[from] item: Flame Orb\n|upkeep\n|\n|t:|1685401938\n|switch|p1a: Gastrodon|Gastrodon, L84, F|324/324\n|turn|6\n|\n|t:|1685401946\n|switch|p2a: Pelipper|Pelipper, L86, F|243/243 slp\n|-weather|RainDance|[from] ability: Drizzle|[of] p2a: Pelipper\n|move|p1a: Gastrodon|Earthquake|p2a: Pelipper\n|-immune|p2a: Pelipper\n|\n|-weather|RainDance|[upkeep]\n|upkeep\n|turn|7\n|\n|t:|1685401971\n|switch|p1a: Regieleki|Regieleki, L78|253/253\n|cant|p2a: Pelipper|slp\n|\n|-weather|RainDance|[upkeep]\n|upkeep\n|turn|8\n|\n|t:|1685401980\n|switch|p2a: Quagsire|Quagsire, L84, F|297/297\n|move|p1a: Regieleki|Thunderbolt|p2a: Quagsire\n|-immune|p2a: Quagsire\n|\n|-weather|RainDance|[upkeep]\n|upkeep\n|turn|9\n|\n|t:|1685401993\n|switch|p1a: Carracosta|Carracosta, L84, F|262/262\n|move|p2a: Quagsire|Toxic|p1a: Carracosta\n|-status|p1a: Carracosta|tox\n|\n|-weather|RainDance|[upkeep]\n|-damage|p1a: Carracosta|246/262 tox|[from] psn\n|upkeep\n|turn|10\n|\n|t:|1685402004\n|move|p2a: Quagsire|Scald|p1a: Carracosta\n|-damage|p1a: Carracosta|125/262 tox\n|move|p1a: Carracosta|Shell Smash|p1a: Carracosta\n|-unboost|p1a: Carracosta|def|1\n|-unboost|p1a: Carracosta|spd|1\n|-boost|p1a: Carracosta|atk|2\n|-boost|p1a: Carracosta|spa|2\n|-boost|p1a: Carracosta|spe|2\n|\n|-weather|none\n|-damage|p1a: Carracosta|93/262 tox|[from] psn\n|upkeep\n|turn|11\n|\n|t:|1685402014\n|move|p1a: Carracosta|Hydro Pump|p2a: Quagsire\n|-damage|p2a: Quagsire|164/297\n|move|p2a: Quagsire|Scald|p1a: Carracosta\n|-damage|p1a: Carracosta|18/262 tox\n|\n|-heal|p2a: Quagsire|182/297|[from] item: Leftovers\n|-damage|p1a: Carracosta|0 fnt|[from] psn\n|faint|p1a: Carracosta\n|upkeep\n|\n|t:|1685402028\n|switch|p1a: Wigglytuff|Wigglytuff, L90, M|398/398\n|-item|p2a: Quagsire|Leftovers|[from] ability: Frisk|[of] p1a: Wigglytuff|[identify]\n|turn|12\n|\n|t:|1685402034\n|move|p1a: Wigglytuff|Dazzling Gleam|p2a: Quagsire\n|-damage|p2a: Quagsire|61/297\n|move|p2a: Quagsire|Toxic|p1a: Wigglytuff\n|-status|p1a: Wigglytuff|tox\n|\n|-heal|p2a: Quagsire|79/297|[from] item: Leftovers\n|-damage|p1a: Wigglytuff|374/398 tox|[from] psn\n|upkeep\n|turn|13\n|\n|t:|1685402047\n|switch|p2a: Spectrier|Spectrier, L74|270/270\n|move|p1a: Wigglytuff|Dazzling Gleam|p2a: Spectrier\n|-damage|p2a: Spectrier|168/270\n|\n|-heal|p2a: Spectrier|184/270|[from] item: Leftovers\n|-damage|p1a: Wigglytuff|326/398 tox|[from] psn\n|upkeep\n|turn|14\n|\n|t:|1685402060\n|move|p2a: Spectrier|Shadow Ball|p1a: Wigglytuff\n|-immune|p1a: Wigglytuff\n|move|p1a: Wigglytuff|Dazzling Gleam|p2a: Spectrier\n|-damage|p2a: Spectrier|72/270\n|\n|-heal|p2a: Spectrier|88/270|[from] item: Leftovers\n|-damage|p1a: Wigglytuff|254/398 tox|[from] psn\n|upkeep\n|turn|15\n|\n|t:|1685402072\n|switch|p2a: Luxray|Luxray, L84, F|272/272 brn\n|move|p1a: Wigglytuff|Dazzling Gleam|p2a: Luxray\n|-damage|p2a: Luxray|178/272 brn\n|\n|-damage|p1a: Wigglytuff|158/398 tox|[from] psn\n|-damage|p2a: Luxray|161/272 brn|[from] brn\n|upkeep\n|turn|16\n|\n|t:|1685402084\n|move|p2a: Luxray|Facade|p1a: Wigglytuff\n|-damage|p1a: Wigglytuff|0 fnt\n|faint|p1a: Wigglytuff\n|\n|-damage|p2a: Luxray|144/272 brn|[from] brn\n|upkeep\n|\n|t:|1685402093\n|switch|p1a: Gastrodon|Gastrodon, L84, F|324/324\n|turn|17\n|\n|t:|1685402097\n|move|p2a: Luxray|Facade|p1a: Gastrodon\n|-damage|p1a: Gastrodon|126/324\n|move|p1a: Gastrodon|Earthquake|p2a: Luxray\n|-supereffective|p2a: Luxray\n|-damage|p2a: Luxray|0 fnt\n|faint|p2a: Luxray\n|\n|-heal|p1a: Gastrodon|146/324|[from] item: Leftovers\n|upkeep\n|\n|t:|1685402110\n|switch|p2a: Spectrier|Spectrier, L74|88/270\n|turn|18\n|\n|t:|1685402115\n|move|p2a: Spectrier|Shadow Ball|p1a: Gastrodon\n|-damage|p1a: Gastrodon|55/324\n|move|p1a: Gastrodon|Scald|p2a: Spectrier\n|-damage|p2a: Spectrier|0 fnt\n|faint|p2a: Spectrier\n|\n|-heal|p1a: Gastrodon|75/324|[from] item: Leftovers\n|upkeep\n|\n|t:|1685402126\n|switch|p2a: Machamp|Machamp, L82, M|282/282\n|turn|19\n|\n|t:|1685402141\n|move|p2a: Machamp|Facade|p1a: Gastrodon\n|-damage|p1a: Gastrodon|7/324\n|move|p1a: Gastrodon|Toxic|p2a: Machamp\n|-status|p2a: Machamp|tox\n|\n|-heal|p1a: Gastrodon|27/324|[from] item: Leftovers\n|-damage|p2a: Machamp|265/282 tox|[from] psn\n|upkeep\n|turn|20\n|\n|t:|1685402152\n|move|p2a: Machamp|Facade|p1a: Gastrodon\n|-damage|p1a: Gastrodon|0 fnt\n|faint|p1a: Gastrodon\n|\n|-damage|p2a: Machamp|231/282 tox|[from] psn\n|upkeep\n|\n|t:|1685402156\n|switch|p1a: Malamar|Malamar, L80, M|269/269\n|turn|21\n|\n|t:|1685402163\n|move|p1a: Malamar|Knock Off|p2a: Machamp\n|-resisted|p2a: Machamp\n|-damage|p2a: Machamp|180/282 tox\n|-enditem|p2a: Machamp|Flame Orb|[from] move: Knock Off|[of] p1a: Malamar\n|move|p2a: Machamp|Knock Off|p1a: Malamar\n|-damage|p1a: Malamar|140/269\n|-enditem|p1a: Malamar|Leftovers|[from] move: Knock Off|[of] p2a: Machamp\n|\n|-damage|p2a: Machamp|129/282 tox|[from] psn\n|upkeep\n|turn|22\n|\n|t:|1685402174\n|move|p1a: Malamar|Knock Off|p2a: Machamp\n|-resisted|p2a: Machamp\n|-damage|p2a: Machamp|99/282 tox\n|move|p2a: Machamp|Facade|p1a: Malamar\n|-damage|p1a: Malamar|0 fnt\n|faint|p1a: Malamar\n|\n|-damage|p2a: Machamp|31/282 tox|[from] psn\n|upkeep\n|\n|t:|1685402182\n|switch|p1a: Regieleki|Regieleki, L78|253/253\n|turn|23\n|\n|t:|1685402188\n|move|p1a: Regieleki|Substitute|p1a: Regieleki\n|-start|p1a: Regieleki|Substitute\n|-damage|p1a: Regieleki|190/253\n|move|p2a: Machamp|Facade|p1a: Regieleki\n|-end|p1a: Regieleki|Substitute\n|\n|-damage|p2a: Machamp|0 fnt|[from] psn\n|faint|p2a: Machamp\n|upkeep\n|\n|t:|1685402196\n|switch|p2a: Quagsire|Quagsire, L84, F|79/297\n|turn|24\n|\n|t:|1685402204\n|-start|p1a: Regieleki|Dynamax|\n|-heal|p1a: Regieleki|380/506|[silent]\n|move|p1a: Regieleki|Max Strike|p2a: Quagsire\n|-crit|p2a: Quagsire\n|-damage|p2a: Quagsire|0 fnt\n|faint|p2a: Quagsire\n|\n|upkeep\n|\n|t:|1685402211\n|switch|p2a: Pelipper|Pelipper, L86, F|243/243 slp\n|-weather|RainDance|[from] ability: Drizzle|[of] p2a: Pelipper\n|turn|25\n|\n|t:|1685402218\n|-start|p2a: Pelipper|Dynamax|\n|-heal|p2a: Pelipper|486/486 slp|[silent]\n|cant|p2a: Pelipper|slp\n|move|p1a: Regieleki|Max Lightning|p2a: Pelipper\n|-supereffective|p2a: Pelipper\n|-crit|p2a: Pelipper\n|-damage|p2a: Pelipper|0 fnt\n|-fieldstart|move: Electric Terrain\n|faint|p2a: Pelipper\n|\n|win|MeninoNery\n|raw|MeninoNery's rating: 1110 &rarr; <strong>1130</strong><br />(+20 for winning)\n|raw|eateded's rating: 1036 &rarr; <strong>1024</strong><br />(-12 for losing)\n", "inputlog": ">version 6fec31d5a0d4498a06105aa188c9906bc0b6bf95\n>start {\"formatid\":\"gen8randombattle\",\"seed\":[8126,30694,47381,38311],\"rated\":\"Rated battle\"}\n>player p1 {\"name\":\"MeninoNery\",\"avatar\":\"hooligans\",\"rating\":1110,\"seed\":[51395,43811,60086,51454]}\n>player p2 {\"name\":\"eateded\",\"avatar\":\"2\",\"rating\":1036,\"seed\":[26445,62789,64597,54024]}\n>p1 move moonblast\n>p2 move uturn\n>p2 switch 3\n>p1 move leechseed\n>p2 move mysticalfire\n>p1 move energyball\n>p2 move mysticalfire\n>p1 move moonblast\n>p2 move mysticalfire\n>p2 switch 5\n>p1 move moonblast\n>p2 move crunch\n>p1 switch 2\n>p1 move earthquake\n>p2 switch 3\n>p1 switch 3\n>p2 move scald\n>p1 move thunderbolt\n>p2 switch 6\n>p1 switch 6\n>p2 move toxic\n>p1 move shellsmash\n>p2 move scald\n>p1 move hydropump\n>p2 move scald\n>p1 switch 5\n>p1 move dazzlinggleam\n>p2 move toxic\n>p1 move dazzlinggleam\n>p2 switch 4\n>p1 move dazzlinggleam\n>p2 move shadowball\n>p1 move dazzlinggleam\n>p2 switch 3\n>p1 move dazzlinggleam\n>p2 move facade\n>p1 switch 3\n>p1 move earthquake\n>p2 move facade\n>p2 switch 3\n>p1 move scald\n>p2 move shadowball\n>p2 switch 2\n>p1 move toxic\n>p2 move facade\n>p1 move scald\n>p2 move facade\n>p1 switch 4\n>p1 move knockoff\n>p2 move knockoff\n>p1 move knockoff\n>p2 move facade\n>p1 switch 6\n>p1 move substitute\n>p2 move facade\n>p2 switch 4\n>p1 move explosion dynamax\n>p2 move earthquake\n>p2 switch 6\n>p1 move thunderbolt dynamax\n>p2 move roost dynamax", "uploadtime": 1685402226, "views": 5, "p1id": "meninonery", "p2id": "eateded", "formatid": "gen8randombattle", "rating": 1024, "private": 0, "password": ""}