{"id": "gen8randombattle-1523940969", "p1": "odr", "p2": "MichaelderBeste2", "format": "[Gen 8] Random Battle", "log": "|j|\u2606odr\n|j|\u2606MichaelderBeste2\n|t:|1646463214\n|gametype|singles\n|player|p1|odr|may-gen3rs|2415\n|player|p2|MichaelderBeste2|#splxiiiclassiest|2453\n|teamsize|p1|6\n|teamsize|p2|6\n|gen|8\n|tier|[Gen 8] Random Battle\n|rated|\n|rule|Species Clause: Limit one of each Pok\u00e9mon\n|rule|HP Percentage Mod: HP is shown in percentages\n|rule|Sleep Clause Mod: Limit one foe put to sleep\n|\n|t:|1646463214\n|start\n|switch|p1a: Mawile|Mawile, L86, F|226/226\n|switch|p2a: Arctovish|Arctovish, L86|295/295\n|turn|1\n|j| McWooster19\n|j| JJ09LIE\n|c| JJ09LIE|Jeez\n|j| Crystal Lettuce\n|\n|t:|1646463261\n|switch|p1a: Slowking|Slowking, L86, M|304/304\n|move|p2a: Arctovish|Fishious Rend|p1a: Slowking\n|-resisted|p1a: Slowking\n|-damage|p1a: Slowking|166/304\n|\n|-heal|p1a: Slowking|185/304|[from] item: Leftovers\n|upkeep\n|turn|2\n|\n|t:|1646463269\n|move|p2a: Arctovish|Fishious Rend|p1a: Slowking\n|-resisted|p1a: Slowking\n|-damage|p1a: Slowking|36/304\n|move|p1a: Slowking|Slack Off|p1a: Slowking\n|-heal|p1a: Slowking|188/304\n|\n|-heal|p1a: Slowking|207/304|[from] item: Leftovers\n|upkeep\n|turn|3\n|\n|t:|1646463272\n|move|p2a: Arctovish|Fishious Rend|p1a: Slowking\n|-resisted|p1a: Slowking\n|-damage|p1a: Slowking|58/304\n|move|p1a: Slowking|Slack Off|p1a: Slowking\n|-heal|p1a: Slowking|210/304\n|\n|-heal|p1a: Slowking|229/304|[from] item: Leftovers\n|upkeep\n|turn|4\n|c| JJ09LIE|Wtf the top 2 and 3 ppl\n|\n|t:|1646463278\n|switch|p2a: Raichu|Raichu-Alola, L84, F|238/238\n|move|p1a: Slowking|Slack Off|p1a: Slowking\n|-heal|p1a: Slowking|304/304\n|\n|upkeep\n|turn|5\n|\n|t:|1646463285\n|switch|p1a: Palossand|Palossand, L86, F|286/286\n|move|p2a: Raichu|Thunderbolt|p1a: Palossand\n|-immune|p1a: Palossand\n|\n|upkeep\n|turn|6\n|\n|t:|1646463297\n|switch|p2a: Thundurus|Thundurus, L80, M|258/258\n|move|p1a: Palossand|Toxic|p2a: Thundurus\n|-status|p2a: Thundurus|tox\n|\n|-damage|p2a: Thundurus|242/258 tox|[from] psn\n|upkeep\n|turn|7\n|\n|t:|1646463324\n|switch|p1a: Zekrom|Zekrom, L69|252/252\n|-ability|p1a: Zekrom|Teravolt\n|move|p2a: Thundurus|Grass Knot|p1a: Zekrom\n|-resisted|p1a: Zekrom\n|-damage|p1a: Zekrom|204/252\n|\n|-damage|p2a: Thundurus|210/258 tox|[from] psn\n|upkeep\n|turn|8\n|\n|t:|1646463331\n|switch|p2a: Sylveon|Sylveon, L84, F|297/297\n|move|p1a: Zekrom|Bolt Strike|p2a: Sylveon\n|-damage|p2a: Sylveon|135/297\n|\n|-heal|p2a: Sylveon|153/297|[from] item: Leftovers\n|upkeep\n|turn|9\n|\n|t:|1646463350\n|move|p1a: Zekrom|Bolt Strike|p2a: Sylveon|[miss]\n|-miss|p1a: Zekrom|p2a: Sylveon\n|move|p2a: Sylveon|Hyper Voice|p1a: Zekrom\n|-supereffective|p1a: Zekrom\n|-damage|p1a: Zekrom|0 fnt\n|faint|p1a: Zekrom\n|\n|-heal|p2a: Sylveon|171/297|[from] item: Leftovers\n|upkeep\n|\n|t:|1646463357\n|switch|p1a: Mawile|Mawile, L86, F|226/226\n|turn|10\n|\n|t:|1646463384\n|switch|p2a: Thundurus|Thundurus, L80, M|210/258 tox\n|move|p1a: Mawile|Play Rough|p2a: Thundurus|[miss]\n|-miss|p1a: Mawile|p2a: Thundurus\n|\n|-damage|p2a: Thundurus|194/258 tox|[from] psn\n|upkeep\n|turn|11\n|\n|t:|1646463408\n|move|p2a: Thundurus|Thunderbolt|p1a: Mawile\n|-damage|p1a: Mawile|85/226\n|move|p1a: Mawile|Play Rough|p2a: Thundurus\n|-damage|p2a: Thundurus|0 fnt\n|faint|p2a: Thundurus\n|\n|upkeep\n|\n|t:|1646463459\n|switch|p2a: Arctovish|Arctovish, L86|295/295\n|turn|12\n|\n|t:|1646463463\n|switch|p1a: Slowking|Slowking, L86, M|304/304\n|move|p2a: Arctovish|Fishious Rend|p1a: Slowking\n|-resisted|p1a: Slowking\n|-damage|p1a: Slowking|169/304\n|\n|-heal|p1a: Slowking|188/304|[from] item: Leftovers\n|upkeep\n|turn|13\n|\n|t:|1646463473\n|switch|p2a: Raichu|Raichu-Alola, L84, F|238/238\n|move|p1a: Slowking|Teleport|p1a: Slowking\n|\n|t:|1646463480\n|switch|p1a: Palossand|Palossand, L86, F|286/286\n|\n|upkeep\n|turn|14\n|\n|t:|1646463487\n|switch|p2a: Sylveon|Sylveon, L84, F|171/297\n|move|p1a: Palossand|Earth Power|p2a: Sylveon\n|-damage|p2a: Sylveon|89/297\n|\n|-heal|p2a: Sylveon|107/297|[from] item: Leftovers\n|upkeep\n|turn|15\n|\n|t:|1646463501\n|move|p2a: Sylveon|Wish|p2a: Sylveon\n|move|p1a: Palossand|Toxic|p2a: Sylveon\n|-status|p2a: Sylveon|tox\n|\n|-heal|p2a: Sylveon|125/297 tox|[from] item: Leftovers\n|-damage|p2a: Sylveon|107/297 tox|[from] psn\n|upkeep\n|turn|16\n|\n|t:|1646463507\n|switch|p1a: Slowking|Slowking, L86, M|289/304\n|move|p2a: Sylveon|Calm Mind|p2a: Sylveon\n|-boost|p2a: Sylveon|spa|1\n|-boost|p2a: Sylveon|spd|1\n|\n|-heal|p2a: Sylveon|255/297 tox|[from] move: Wish|[wisher] Sylveon\n|-heal|p2a: Sylveon|273/297 tox|[from] item: Leftovers\n|-heal|p1a: Slowking|304/304|[from] item: Leftovers\n|-damage|p2a: Sylveon|237/297 tox|[from] psn\n|upkeep\n|turn|17\n|\n|t:|1646463517\n|move|p2a: Sylveon|Calm Mind|p2a: Sylveon\n|-boost|p2a: Sylveon|spa|1\n|-boost|p2a: Sylveon|spd|1\n|move|p1a: Slowking|Scald|p2a: Sylveon\n|-damage|p2a: Sylveon|203/297 tox\n|\n|-heal|p2a: Sylveon|221/297 tox|[from] item: Leftovers\n|-damage|p2a: Sylveon|167/297 tox|[from] psn\n|upkeep\n|turn|18\n|\n|t:|1646463521\n|move|p2a: Sylveon|Hyper Voice|p1a: Slowking\n|-damage|p1a: Slowking|88/304\n|move|p1a: Slowking|Slack Off|p1a: Slowking\n|-heal|p1a: Slowking|240/304\n|\n|-heal|p2a: Sylveon|185/297 tox|[from] item: Leftovers\n|-heal|p1a: Slowking|259/304|[from] item: Leftovers\n|-damage|p2a: Sylveon|113/297 tox|[from] psn\n|upkeep\n|turn|19\n|\n|t:|1646463539\n|move|p2a: Sylveon|Hyper Voice|p1a: Slowking\n|-damage|p1a: Slowking|51/304\n|move|p1a: Slowking|Slack Off|p1a: Slowking\n|-heal|p1a: Slowking|203/304\n|\n|-heal|p2a: Sylveon|131/297 tox|[from] item: Leftovers\n|-heal|p1a: Slowking|222/304|[from] item: Leftovers\n|-damage|p2a: Sylveon|41/297 tox|[from] psn\n|upkeep\n|turn|20\n|\n|t:|1646463574\n|move|p2a: Sylveon|Hyper Voice|p1a: Slowking\n|-damage|p1a: Slowking|15/304\n|move|p1a: Slowking|Slack Off|p1a: Slowking\n|-heal|p1a: Slowking|167/304\n|\n|-heal|p2a: Sylveon|59/297 tox|[from] item: Leftovers\n|-heal|p1a: Slowking|186/304|[from] item: Leftovers\n|-damage|p2a: Sylveon|0 fnt|[from] psn\n|faint|p2a: Sylveon\n|upkeep\n|\n|t:|1646463591\n|switch|p2a: Raichu|Raichu-Alola, L84, F|238/238\n|turn|21\n|\n|t:|1646463601\n|switch|p1a: Mawile|Mawile, L86, F|85/226\n|move|p2a: Raichu|Nasty Plot|p2a: Raichu\n|-boost|p2a: Raichu|spa|2\n|\n|upkeep\n|turn|22\n|\n|t:|1646463609\n|-start|p2a: Raichu|Dynamax\n|-heal|p2a: Raichu|476/476|[silent]\n|move|p1a: Mawile|Sucker Punch|p2a: Raichu\n|-supereffective|p2a: Raichu\n|-damage|p2a: Raichu|297/476\n|-damage|p1a: Mawile|63/226|[from] item: Life Orb\n|move|p2a: Raichu|Max Mindstorm|p1a: Mawile\n|-resisted|p1a: Mawile\n|-damage|p1a: Mawile|0 fnt\n|-fieldstart|move: Psychic Terrain\n|faint|p1a: Mawile\n|-damage|p2a: Raichu|274/476|[from] item: Life Orb\n|\n|upkeep\n|\n|t:|1646463670\n|switch|p1a: Blaziken|Blaziken, L76, F|247/247\n|turn|23\n|\n|t:|1646463717\n|-end|p2a: Raichu|Dynamax\n|-heal|p2a: Raichu|137/238|[silent]\n|switch|p2a: Rapidash|Rapidash-Galar, L84, F|246/246\n|switch|p1a: Palossand|Palossand, L86, F|286/286\n|\n|upkeep\n|turn|24\n|\n|t:|1646463731\n|move|p2a: Rapidash|Zen Headbutt|p1a: Palossand\n|-damage|p1a: Palossand|160/286\n|-damage|p2a: Rapidash|222/246|[from] item: Life Orb\n|move|p1a: Palossand|Shadow Ball|p2a: Rapidash\n|-supereffective|p2a: Rapidash\n|-damage|p2a: Rapidash|42/246\n|\n|-heal|p1a: Palossand|177/286|[from] item: Leftovers\n|upkeep\n|turn|25\n|\n|t:|1646463736\n|move|p2a: Rapidash|Zen Headbutt|p1a: Palossand\n|-damage|p1a: Palossand|55/286\n|-damage|p2a: Rapidash|18/246|[from] item: Life Orb\n|move|p1a: Palossand|Shadow Ball|p2a: Rapidash\n|-supereffective|p2a: Rapidash\n|-damage|p2a: Rapidash|0 fnt\n|faint|p2a: Rapidash\n|\n|-heal|p1a: Palossand|72/286|[from] item: Leftovers\n|upkeep\n|\n|t:|1646463753\n|switch|p2a: Raichu|Raichu-Alola, L84, F|137/238\n|turn|26\n|\n|t:|1646463761\n|move|p2a: Raichu|Psyshock|p1a: Palossand\n|-damage|p1a: Palossand|0 fnt\n|faint|p1a: Palossand\n|-damage|p2a: Raichu|114/238|[from] item: Life Orb\n|\n|-fieldend|move: Psychic Terrain\n|upkeep\n|c|\u2606odr|bruh if i teleport to blaziken do i get a speed boost\n|c|\u2606odr|idk how it works\n|c|\u2606odr|man\n|\n|t:|1646463886\n|switch|p1a: Blaziken|Blaziken, L76, F|247/247\n|turn|27\n|c|\u2606MichaelderBeste2|you are cb\n|l| JJ09LIE\n|c|\u2606MichaelderBeste2|if I just stayed with raichu\n|j| Brodlee\n|j| JJ09LIE\n|\n|t:|1646463943\n|-start|p1a: Blaziken|Dynamax\n|-heal|p1a: Blaziken|494/494|[silent]\n|move|p1a: Blaziken|Max Guard|p1a: Blaziken\n|-singleturn|p1a: Blaziken|Max Guard\n|move|p2a: Raichu|Psyshock|p1a: Blaziken\n|-activate|p1a: Blaziken|move: Max Guard\n|\n|-ability|p1a: Blaziken|Speed Boost|boost\n|-boost|p1a: Blaziken|spe|1\n|upkeep\n|turn|28\n|c|\u2606MichaelderBeste2|you are not\n|c| Crystal Lettuce|he was not cb\n|c|\u2606MichaelderBeste2|rip\n|\n|t:|1646463975\n|move|p1a: Blaziken|Max Flare|p2a: Raichu\n|-damage|p2a: Raichu|0 fnt\n|-weather|SunnyDay\n|faint|p2a: Raichu\n|-damage|p1a: Blaziken|470/494|[from] item: Life Orb\n|\n|-weather|SunnyDay|[upkeep]\n|-ability|p1a: Blaziken|Speed Boost|boost\n|-boost|p1a: Blaziken|spe|1\n|upkeep\n|\n|t:|1646463978\n|switch|p2a: Zygarde|Zygarde, L70|267/267\n|turn|29\n|j| Moth on fire\n|c|\u2606odr|my max flare didnt guarantee kill you in dyna so i wanted to waste another turn\n|l| JJ09LIE\n|\n|t:|1646464000\n|move|p1a: Blaziken|Max Knuckle|p2a: Zygarde\n|-damage|p2a: Zygarde|153/267\n|-boost|p1a: Blaziken|atk|1\n|-damage|p1a: Blaziken|446/494|[from] item: Life Orb\n|move|p2a: Zygarde|Substitute|p2a: Zygarde\n|-start|p2a: Zygarde|Substitute\n|-damage|p2a: Zygarde|87/267\n|\n|-weather|SunnyDay|[upkeep]\n|-heal|p2a: Zygarde|103/267|[from] item: Leftovers\n|-ability|p1a: Blaziken|Speed Boost|boost\n|-boost|p1a: Blaziken|spe|1\n|-activate|p2a: Zygarde|ability: Power Construct\n|detailschange|p2a: Zygarde|Zygarde-Complete, L70\n|-heal|p2a: Zygarde|254/418|[silent]\n|-end|p1a: Blaziken|Dynamax\n|-heal|p1a: Blaziken|223/247|[silent]\n|upkeep\n|turn|30\n|\n|t:|1646464011\n|move|p1a: Blaziken|Flare Blitz|p2a: Zygarde\n|-resisted|p2a: Zygarde\n|-end|p2a: Zygarde|Substitute\n|-damage|p1a: Blaziken|201/247|[from] Recoil|[of] p2a: Zygarde\n|-damage|p1a: Blaziken|177/247|[from] item: Life Orb\n|move|p2a: Zygarde|Thousand Arrows|p1a: Blaziken\n|-supereffective|p1a: Blaziken\n|-damage|p1a: Blaziken|1/247\n|\n|-weather|SunnyDay|[upkeep]\n|-heal|p2a: Zygarde|280/418|[from] item: Leftovers\n|-ability|p1a: Blaziken|Speed Boost|boost\n|-boost|p1a: Blaziken|spe|1\n|upkeep\n|turn|31\n|\n|t:|1646464018\n|switch|p2a: Arctovish|Arctovish, L86|295/295\n|move|p1a: Blaziken|Close Combat|p2a: Arctovish\n|-supereffective|p2a: Arctovish\n|-damage|p2a: Arctovish|0 fnt\n|-unboost|p1a: Blaziken|def|1\n|-unboost|p1a: Blaziken|spd|1\n|faint|p2a: Arctovish\n|-damage|p1a: Blaziken|0 fnt|[from] item: Life Orb\n|faint|p1a: Blaziken\n|\n|-weather|SunnyDay|[upkeep]\n|upkeep\n|\n|t:|1646464022\n|switch|p1a: Mewtwo|Mewtwo, L72|272/272\n|switch|p2a: Zygarde|Zygarde-Complete, L70|280/418\n|-ability|p1a: Mewtwo|Unnerve\n|turn|32\n|\n|t:|1646464028\n|move|p1a: Mewtwo|Nasty Plot|p1a: Mewtwo\n|-boost|p1a: Mewtwo|spa|2\n|move|p2a: Zygarde|Dragon Dance|p2a: Zygarde\n|-boost|p2a: Zygarde|atk|1\n|-boost|p2a: Zygarde|spe|1\n|\n|-weather|none\n|-heal|p2a: Zygarde|306/418|[from] item: Leftovers\n|upkeep\n|turn|33\n|j| JJ09LIE\n|\n|t:|1646464046\n|move|p2a: Zygarde|Outrage|p1a: Mewtwo\n|-damage|p1a: Mewtwo|118/272\n|move|p1a: Mewtwo|Psystrike|p2a: Zygarde\n|-damage|p2a: Zygarde|89/418\n|\n|-heal|p2a: Zygarde|115/418|[from] item: Leftovers\n|-heal|p1a: Mewtwo|135/272|[from] item: Leftovers\n|upkeep\n|turn|34\n|\n|t:|1646464056\n|move|p2a: Zygarde|Outrage|p1a: Mewtwo|[from]lockedmove\n|-damage|p1a: Mewtwo|0 fnt\n|faint|p1a: Mewtwo\n|-start|p2a: Zygarde|confusion|[fatigue]\n|\n|-heal|p2a: Zygarde|141/418|[from] item: Leftovers\n|upkeep\n|\n|t:|1646464059\n|switch|p1a: Slowking|Slowking, L86, M|287/304\n|turn|35\n|l| Brodlee\n|\n|t:|1646464069\n|-activate|p2a: Zygarde|confusion\n|move|p2a: Zygarde|Substitute|p2a: Zygarde\n|-start|p2a: Zygarde|Substitute\n|-damage|p2a: Zygarde|37/418\n|move|p1a: Slowking|Scald|p2a: Zygarde\n|-activate|p2a: Zygarde|move: Substitute|[damage]\n|\n|-heal|p2a: Zygarde|63/418|[from] item: Leftovers\n|-heal|p1a: Slowking|304/304|[from] item: Leftovers\n|upkeep\n|turn|36\n|l| JJ09LIE\n|\n|t:|1646464081\n|-end|p2a: Zygarde|confusion\n|move|p2a: Zygarde|Outrage|p1a: Slowking\n|-damage|p1a: Slowking|160/304\n|move|p1a: Slowking|Scald|p2a: Zygarde\n|-end|p2a: Zygarde|Substitute\n|\n|-heal|p2a: Zygarde|89/418|[from] item: Leftovers\n|-heal|p1a: Slowking|179/304|[from] item: Leftovers\n|upkeep\n|turn|37\n|c|\u2606MichaelderBeste2|scald always kills\n|c|\u2606MichaelderBeste2|it's down to crit\n|c|\u2606MichaelderBeste2|Lvl 86 84 SpA Slowking Scald vs. Lvl 70 84 HP / 84 SpD Zygarde-Complete: 94-112 (22.4 - 26.7%) -- possible 5HKO after Leftovers recovery\n|\n|t:|1646464141\n|move|p2a: Zygarde|Outrage|p1a: Slowking|[from]lockedmove\n|-damage|p1a: Slowking|44/304\n|move|p1a: Slowking|Scald|p2a: Zygarde\n|-damage|p2a: Zygarde|0 fnt\n|faint|p2a: Zygarde\n|\n|win|odr\n|raw|odr's rating: 2415 &rarr; <strong>2437</strong><br />(+22 for winning)\n|raw|MichaelderBeste2's rating: 2453 &rarr; <strong>2431</strong><br />(-22 for losing)\n|c|\u2606odr|gg\n|c|\u2606MichaelderBeste2|gg\n|l|\u2606MichaelderBeste2\n", "inputlog": ">version b27d5cf2ba645d076c6e57b7946c64bc4951bd05\n>start {\"formatid\":\"gen8randombattle\",\"seed\":[17553,41292,57036,27429],\"rated\":\"Rated battle\"}\n>player p1 {\"name\":\"odr\",\"avatar\":\"may-gen3rs\",\"rating\":2415,\"seed\":[9924,56236,51424,12491]}\n>player p2 {\"name\":\"MichaelderBeste2\",\"avatar\":\"#splxiiiclassiest\",\"rating\":2453,\"seed\":[27432,35759,25444,38482]}\n>chat  JJ09LIE|Jeez\n>p1 switch 5\n>p2 move fishiousrend\n>p1 move slackoff\n>p2 move fishiousrend\n>p1 move slackoff\n>p2 move fishiousrend\n>chat  JJ09LIE|Wtf the top 2 and 3 ppl\n>p1 move slackoff\n>p2 switch 6\n>p1 switch 3\n>p2 move thunderbolt\n>p1 move toxic\n>p2 switch 5\n>p1 switch 4\n>p2 move grassknot\n>p1 move boltstrike\n>p2 switch 4\n>p1 move boltstrike\n>p2 move hypervoice\n>p1 switch 5\n>p1 move playrough\n>p2 switch 4\n>p1 move playrough\n>p2 move thunderbolt\n>p2 switch 6\n>p1 switch 3\n>p2 move fishiousrend\n>p1 move teleport\n>p2 switch 5\n>p1 switch 4\n>p1 move earthpower\n>p2 switch 4\n>p1 move toxic\n>p2 move wish\n>p1 switch 4\n>p2 move calmmind\n>p1 move scald\n>p2 move calmmind\n>p1 move slackoff\n>p2 move hypervoice\n>p1 move slackoff\n>p2 move hypervoice\n>p1 move slackoff\n>p2 move hypervoice\n>p2 switch 4\n>p1 switch 3\n>p2 move nastyplot\n>p1 move suckerpunch\n>p2 move psyshock dynamax\n>p1 switch 2\n>p1 switch 4\n>p2 switch 2\n>p1 move shadowball\n>p2 move zenheadbutt\n>p1 move shadowball\n>p2 move zenheadbutt\n>p2 switch 2\n>p1 move earthpower\n>p2 move psyshock\n>chat \u2606odr|bruh if i teleport to blaziken do i get a speed boost\n>chat \u2606odr|idk how it works\n>chat \u2606odr|man\n>p1 switch 4\n>chat \u2606MichaelderBeste2|you are cb\n>chat \u2606MichaelderBeste2|if I just stayed with raichu\n>p1 move swordsdance dynamax\n>p2 move psyshock\n>chat \u2606MichaelderBeste2|you are not\n>chat  Crystal Lettuce|he was not cb\n>chat \u2606MichaelderBeste2|rip\n>p1 move flareblitz dynamax\n>p2 move psyshock\n>p2 switch 3\n>chat \u2606odr|my max flare didnt guarantee kill you in dyna so i wanted to waste another turn\n>p1 move closecombat dynamax\n>p2 move substitute\n>p1 move flareblitz\n>p2 move thousandarrows\n>p1 move closecombat\n>p2 switch 5\n>p1 switch 6\n>p2 switch 5\n>p1 move nastyplot\n>p2 move dragondance\n>p1 move psystrike\n>p2 move outrage\n>p1 move psystrike\n>p2 move outrage\n>p1 switch 3\n>p1 move scald\n>p2 move substitute\n>p1 move scald\n>p2 move outrage\n>chat \u2606MichaelderBeste2|scald always kills\n>chat \u2606MichaelderBeste2|it's down to crit\n>chat \u2606MichaelderBeste2|Lvl 86 84 SpA Slowking Scald vs. Lvl 70 84 HP / 84 SpD Zygarde-Complete: 94-112 (22.4 - 26.7%) -- possible 5HKO after Leftovers recovery\n>p1 move scald\n>p2 move outrage", "uploadtime": 1646464155, "views": 81, "p1id": "odr", "p2id": "michaelderbeste2", "formatid": "gen8randombattle", "rating": 2431, "private": 0, "password": null}