|j|☆H4nZ_19
|j|☆keremozdurmus
|t:|1685250134
|gametype|singles
|player|p1|H4nZ_19|266|1042
|player|p2|keremozdurmus|266|1000
|teamsize|p1|6
|teamsize|p2|6
|gen|8
|tier|[Gen 8] Random Battle
|rated|
|rule|Species Clause: Limit one of each Pokémon
|rule|HP Percentage Mod: HP is shown in percentages
|rule|Sleep Clause Mod: Limit one foe put to sleep
|
|t:|1685250134
|start
|switch|p1a: Machamp|Machamp, L82, F|282/282
|switch|p2a: Celesteela|Celesteela, L77|276/276
|turn|1
|
|t:|1685250150
|move|p1a: Machamp|Bullet Punch|p2a: Celesteela
|-resisted|p2a: Celesteela
|-damage|p2a: Celesteela|260/276
|move|p2a: Celesteela|Air Slash|p1a: Machamp
|-supereffective|p1a: Machamp
|-damage|p1a: Machamp|142/282
|
|-heal|p2a: Celesteela|276/276|[from] item: Leftovers
|-status|p1a: Machamp|brn|[from] item: Flame Orb
|upkeep
|turn|2
|
|t:|1685250161
|move|p2a: Celesteela|Air Slash|p1a: Machamp
|-supereffective|p1a: Machamp
|-damage|p1a: Machamp|0 fnt
|faint|p1a: Machamp
|-ability|p2a: Celesteela|Beast Boost|boost
|-boost|p2a: Celesteela|spa|1
|
|upkeep
|
|t:|1685250168
|switch|p1a: Turtonator|Turtonator, L84, F|238/238
|turn|3
|
|t:|1685250224
|switch|p2a: Vaporeon|Vaporeon, L84, F|356/356
|move|p1a: Turtonator|Shell Smash|p1a: Turtonator
|-unboost|p1a: Turtonator|def|1
|-unboost|p1a: Turtonator|spd|1
|-boost|p1a: Turtonator|atk|2
|-boost|p1a: Turtonator|spa|2
|-boost|p1a: Turtonator|spe|2
|-enditem|p1a: Turtonator|White Herb
|-clearnegativeboost|p1a: Turtonator|[silent]
|
|upkeep
|turn|4
|
|t:|1685250241
|-start|p2a: Vaporeon|Dynamax|
|-heal|p2a: Vaporeon|712/712|[silent]
|move|p1a: Turtonator|Shell Smash|p1a: Turtonator
|-unboost|p1a: Turtonator|def|1
|-unboost|p1a: Turtonator|spd|1
|-boost|p1a: Turtonator|atk|2
|-boost|p1a: Turtonator|spa|2
|-boost|p1a: Turtonator|spe|2
|move|p2a: Vaporeon|Max Geyser|p1a: Turtonator
|-damage|p1a: Turtonator|0 fnt
|-weather|RainDance
|faint|p1a: Turtonator
|
|-weather|RainDance|[upkeep]
|upkeep
|
|t:|1685250256
|switch|p1a: Rotom|Rotom-Mow, L86|226/226
|turn|5
|
|t:|1685250271
|move|p1a: Rotom|Nasty Plot|p1a: Rotom
|-boost|p1a: Rotom|spa|2
|move|p2a: Vaporeon|Max Hailstorm|p1a: Rotom
|-supereffective|p1a: Rotom
|-damage|p1a: Rotom|52/226
|-weather|Hail
|
|-weather|Hail|[upkeep]
|-damage|p1a: Rotom|38/226|[from] Hail
|-damage|p2a: Vaporeon|690/712|[from] Hail
|-heal|p1a: Rotom|52/226|[from] item: Leftovers
|-heal|p2a: Vaporeon|712/712|[from] item: Leftovers
|upkeep
|turn|6
|
|t:|1685250286
|move|p1a: Rotom|Leaf Storm|p2a: Vaporeon
|-supereffective|p2a: Vaporeon
|-damage|p2a: Vaporeon|136/712
|-unboost|p1a: Rotom|spa|2
|move|p2a: Vaporeon|Max Hailstorm|p1a: Rotom
|-supereffective|p1a: Rotom
|-damage|p1a: Rotom|0 fnt
|faint|p1a: Rotom
|
|-weather|Hail|[upkeep]
|-damage|p2a: Vaporeon|114/712|[from] Hail
|-heal|p2a: Vaporeon|136/712|[from] item: Leftovers
|upkeep
|
|t:|1685250305
|switch|p1a: Pincurchin|Pincurchin, L88, F|228/228
|-fieldstart|move: Electric Terrain|[from] ability: Electric Surge|[of] p1a: Pincurchin
|-end|p2a: Vaporeon|Dynamax
|-heal|p2a: Vaporeon|68/356|[silent]
|turn|7
|
|t:|1685250314
|move|p2a: Vaporeon|Ice Beam|p1a: Pincurchin
|-damage|p1a: Pincurchin|162/228
|move|p1a: Pincurchin|Rising Voltage|p2a: Vaporeon
|-hint|Rising Voltage's BP doubled on grounded target.
|-supereffective|p2a: Vaporeon
|-damage|p2a: Vaporeon|0 fnt
|faint|p2a: Vaporeon
|
|-weather|Hail|[upkeep]
|-damage|p1a: Pincurchin|148/228|[from] Hail
|upkeep
|
|t:|1685250327
|switch|p2a: Runerigus|Runerigus, L84, M|235/235
|turn|8
|
|t:|1685250356
|move|p2a: Runerigus|Earthquake|p1a: Pincurchin
|-supereffective|p1a: Pincurchin
|-enditem|p1a: Pincurchin|Shuca Berry|[eat]
|-enditem|p1a: Pincurchin|Shuca Berry|[weaken]
|-damage|p1a: Pincurchin|57/228
|move|p1a: Pincurchin|Scald|p2a: Runerigus
|-supereffective|p2a: Runerigus
|-crit|p2a: Runerigus
|-damage|p2a: Runerigus|67/235
|-status|p2a: Runerigus|brn
|
|-weather|Hail|[upkeep]
|-damage|p2a: Runerigus|53/235 brn|[from] Hail
|-damage|p1a: Pincurchin|43/228|[from] Hail
|-heal|p2a: Runerigus|67/235 brn|[from] item: Leftovers
|-damage|p2a: Runerigus|53/235 brn|[from] brn
|upkeep
|turn|9
|
|t:|1685250385
|move|p2a: Runerigus|Earthquake|p1a: Pincurchin
|-supereffective|p1a: Pincurchin
|-damage|p1a: Pincurchin|0 fnt
|faint|p1a: Pincurchin
|
|-weather|none
|-heal|p2a: Runerigus|67/235 brn|[from] item: Leftovers
|-damage|p2a: Runerigus|53/235 brn|[from] brn
|upkeep
|
|t:|1685250398
|switch|p1a: Heracross|Heracross, L82, M|265/265
|turn|10
|
|t:|1685250405
|move|p1a: Heracross|Knock Off|p2a: Runerigus
|-supereffective|p2a: Runerigus
|-damage|p2a: Runerigus|0 fnt
|-activate|p2a: Runerigus|ability: Wandering Spirit|Guts|Wandering Spirit|[of] p1a: Heracross
|-enditem|p2a: Runerigus|Leftovers|[from] move: Knock Off|[of] p1a: Heracross
|faint|p2a: Runerigus
|
|-status|p1a: Heracross|brn|[from] item: Flame Orb
|upkeep
|
|t:|1685250419
|switch|p2a: Avalugg|Avalugg, L86, F|303/303
|turn|11
|
|t:|1685250440
|move|p1a: Heracross|Close Combat|p2a: Avalugg
|-supereffective|p2a: Avalugg
|-crit|p2a: Avalugg
|-damage|p2a: Avalugg|194/303
|-unboost|p1a: Heracross|def|1
|-unboost|p1a: Heracross|spd|1
|move|p2a: Avalugg|Avalanche|p1a: Heracross
|-damage|p1a: Heracross|0 fnt
|-activate|p1a: Heracross|ability: Wandering Spirit|Sturdy|Wandering Spirit|[of] p2a: Avalugg
|faint|p1a: Heracross
|
|-heal|p2a: Avalugg|212/303|[from] item: Leftovers
|-fieldend|move: Electric Terrain
|upkeep
|
|t:|1685250455
|switch|p1a: Steelix|Steelix, L84, F|263/263
|turn|12
|
|t:|1685250465
|move|p1a: Steelix|Earthquake|p2a: Avalugg
|-crit|p2a: Avalugg
|-damage|p2a: Avalugg|134/303
|move|p2a: Avalugg|Body Press|p1a: Steelix
|-supereffective|p1a: Steelix
|-damage|p1a: Steelix|155/263
|
|-heal|p1a: Steelix|171/263|[from] item: Leftovers
|-heal|p2a: Avalugg|152/303|[from] item: Leftovers
|upkeep
|turn|13
|
|t:|1685250492
|move|p1a: Steelix|Earthquake|p2a: Avalugg
|-damage|p2a: Avalugg|98/303
|move|p2a: Avalugg|Body Press|p1a: Steelix
|-supereffective|p1a: Steelix
|-damage|p1a: Steelix|61/263
|
|-heal|p1a: Steelix|77/263|[from] item: Leftovers
|-heal|p2a: Avalugg|116/303|[from] item: Leftovers
|upkeep
|turn|14
|
|t:|1685250512
|move|p1a: Steelix|Head Smash|p2a: Avalugg
|-supereffective|p2a: Avalugg
|-damage|p2a: Avalugg|18/303
|-activate|p2a: Avalugg|ability: Wandering Spirit|Rock Head|Wandering Spirit|[of] p1a: Steelix
|-damage|p1a: Steelix|28/263|[from] Recoil
|move|p2a: Avalugg|Avalanche|p1a: Steelix
|-damage|p1a: Steelix|0 fnt
|-activate|p1a: Steelix|ability: Wandering Spirit|Rock Head|Wandering Spirit|[of] p2a: Avalugg
|faint|p1a: Steelix
|
|win|keremozdurmus
|raw|H4nZ_19's rating: 1042 &rarr; <strong>1024</strong><br />(-18 for losing)
|raw|keremozdurmus's rating: 1000 &rarr; <strong>1045</strong><br />(+45 for winning)
