{"id": "gen8randombattle-1871863351", "p1": "ja...flava", "p2": "VapidPigeon", "format": "[Gen 8] Random Battle", "log": "|j|\u2606ja...flava\n|j|\u2606VapidPigeon\n|t:|1685139279\n|gametype|singles\n|player|p1|ja...flava|170|1406\n|player|p2|VapidPigeon|hugh|1524\n|teamsize|p1|6\n|teamsize|p2|6\n|gen|8\n|tier|[Gen 8] Random Battle\n|rated|\n|rule|Species Clause: Limit one of each Pok\u00e9mon\n|rule|HP Percentage Mod: HP is shown in percentages\n|rule|Sleep Clause Mod: Limit one foe put to sleep\n|\n|t:|1685139279\n|start\n|switch|p1a: Magmortar|Magmortar, L86, F|269/269\n|switch|p2a: Gothitelle|Gothitelle, L86, M|261/261\n|turn|1\n|inactive|Battle timer is ON: inactive players will automatically lose when time's up. (requested by VapidPigeon)\n|\n|t:|1685139374\n|move|p2a: Gothitelle|Trick|p1a: Magmortar\n|-activate|p2a: Gothitelle|move: Trick|[of] p1a: Magmortar\n|-item|p1a: Magmortar|Choice Scarf|[from] move: Trick\n|-item|p2a: Gothitelle|Heavy-Duty Boots|[from] move: Trick\n|move|p1a: Magmortar|Taunt|p2a: Gothitelle\n|-start|p2a: Gothitelle|move: Taunt\n|\n|upkeep\n|turn|2\n|\n|t:|1685139387\n|move|p1a: Magmortar|Taunt||[still]\n|-fail|p1a: Magmortar\n|move|p2a: Gothitelle|Psychic|p1a: Magmortar\n|-damage|p1a: Magmortar|181/269\n|\n|upkeep\n|turn|3\n|\n|t:|1685139392\n|move|p1a: Magmortar|Taunt||[still]\n|-fail|p1a: Magmortar\n|move|p2a: Gothitelle|Psychic|p1a: Magmortar\n|-damage|p1a: Magmortar|96/269\n|\n|upkeep\n|turn|4\n|\n|t:|1685139409\n|switch|p2a: Thundurus|Thundurus, L80, M|258/258\n|move|p1a: Magmortar|Taunt|p2a: Thundurus\n|-start|p2a: Thundurus|move: Taunt\n|\n|upkeep\n|turn|5\n|inactive|ja...flava has 120 seconds left.\n|\n|t:|1685139440\n|switch|p1a: Xurkitree|Xurkitree, L76|251/251\n|move|p2a: Thundurus|Thunderbolt|p1a: Xurkitree\n|-resisted|p1a: Xurkitree\n|-damage|p1a: Xurkitree|186/251\n|\n|upkeep\n|turn|6\n|inactive|ja...flava has 120 seconds left.\n|inactive|VapidPigeon has 120 seconds left.\n|\n|t:|1685139479\n|switch|p2a: Gothitelle|Gothitelle, L86, M|261/261\n|move|p1a: Xurkitree|Volt Switch|p2a: Gothitelle\n|-damage|p2a: Gothitelle|180/261\n|inactive|ja...flava has 120 seconds left.\n|\n|t:|1685139488\n|switch|p1a: Lickilicky|Lickilicky, L86, F|243/243|[from] Volt Switch\n|\n|upkeep\n|turn|7\n|inactive|VapidPigeon has 120 seconds left.\n|\n|t:|1685139503\n|move|p1a: Lickilicky|Dark Pulse|p2a: Gothitelle\n|-supereffective|p2a: Gothitelle\n|-damage|p2a: Gothitelle|0 fnt\n|faint|p2a: Gothitelle\n|-damage|p1a: Lickilicky|219/243|[from] item: Life Orb\n|\n|upkeep\n|\n|t:|1685139509\n|switch|p2a: Liepard|Liepard, L86, M|250/250\n|turn|8\n|\n|t:|1685139517\n|switch|p1a: Magmortar|Magmortar, L86, F|96/269\n|move|p2a: Liepard|Knock Off|p1a: Magmortar\n|-damage|p1a: Magmortar|0 fnt\n|-enditem|p1a: Magmortar|Choice Scarf|[from] move: Knock Off|[of] p2a: Liepard\n|faint|p1a: Magmortar\n|\n|upkeep\n|inactive|ja...flava has 120 seconds left.\n|\n|t:|1685139539\n|switch|p1a: Xurkitree|Xurkitree, L76|186/251\n|turn|9\n|\n|t:|1685139544\n|move|p1a: Xurkitree|Dazzling Gleam|p2a: Liepard\n|-supereffective|p2a: Liepard\n|-damage|p2a: Liepard|40/250\n|move|p2a: Liepard|U-turn|p1a: Xurkitree\n|-damage|p1a: Xurkitree|118/251\n|\n|t:|1685139553\n|switch|p2a: Mawile|Mawile, L86, F|226/226|[from] U-turn\n|-ability|p2a: Mawile|Intimidate|boost\n|-unboost|p1a: Xurkitree|atk|1\n|\n|upkeep\n|turn|10\n|\n|t:|1685139563\n|switch|p1a: Lickilicky|Lickilicky, L86, F|329/329\n|move|p2a: Mawile|Swords Dance|p2a: Mawile\n|-boost|p2a: Mawile|atk|2\n|\n|upkeep\n|turn|11\n|\n|t:|1685139576\n|move|p1a: Lickilicky|Wish|p1a: Lickilicky\n|move|p2a: Mawile|Play Rough|p1a: Lickilicky\n|-damage|p1a: Lickilicky|130/329\n|-damage|p2a: Mawile|204/226|[from] item: Life Orb\n|\n|-heal|p1a: Lickilicky|150/329|[from] item: Leftovers\n|upkeep\n|turn|12\n|\n|t:|1685139586\n|move|p2a: Mawile|Play Rough|p1a: Lickilicky\n|-damage|p1a: Lickilicky|0 fnt\n|faint|p1a: Lickilicky\n|-damage|p2a: Mawile|182/226|[from] item: Life Orb\n|\n|upkeep\n|inactive|ja...flava has 120 seconds left.\n|\n|t:|1685139622\n|switch|p1a: Mamoswine|Mamoswine, L80, F|307/307\n|turn|13\n|inactive|ja...flava has 120 seconds left.\n|\n|t:|1685139633\n|move|p2a: Mawile|Sucker Punch|p1a: Mamoswine\n|-damage|p1a: Mamoswine|159/307\n|-damage|p2a: Mawile|160/226|[from] item: Life Orb\n|move|p1a: Mamoswine|Earthquake|p2a: Mawile\n|-supereffective|p2a: Mawile\n|-damage|p2a: Mawile|0 fnt\n|faint|p2a: Mawile\n|-damage|p1a: Mamoswine|129/307|[from] item: Life Orb\n|\n|upkeep\n|\n|t:|1685139636\n|switch|p2a: Liepard|Liepard, L86, M|40/250\n|turn|14\n|inactive|ja...flava has 120 seconds left.\n|\n|t:|1685139654\n|switch|p1a: Hawlucha|Hawlucha, L80, F|256/256\n|move|p2a: Liepard|Knock Off|p1a: Hawlucha\n|-resisted|p1a: Hawlucha\n|-damage|p1a: Hawlucha|198/256\n|-enditem|p1a: Hawlucha|White Herb|[from] move: Knock Off|[of] p2a: Liepard\n|\n|-heal|p2a: Liepard|55/250|[from] item: Leftovers\n|upkeep\n|turn|15\n|inactive|ja...flava has 120 seconds left.\n|\n|t:|1685139688\n|-start|p1a: Hawlucha|Dynamax|\n|-heal|p1a: Hawlucha|396/512|[silent]\n|move|p2a: Liepard|Thunder Wave|p1a: Hawlucha\n|-status|p1a: Hawlucha|par\n|move|p1a: Hawlucha|Max Knuckle|p2a: Liepard\n|-supereffective|p2a: Liepard\n|-damage|p2a: Liepard|0 fnt\n|-boost|p1a: Hawlucha|atk|1\n|faint|p2a: Liepard\n|\n|upkeep\n|\n|t:|1685139710\n|switch|p2a: Thundurus|Thundurus, L80, M|258/258\n|turn|16\n|\n|t:|1685139715\n|move|p2a: Thundurus|Nasty Plot|p2a: Thundurus\n|-boost|p2a: Thundurus|spa|2\n|move|p1a: Hawlucha|Max Rockfall|p2a: Thundurus\n|-supereffective|p2a: Thundurus\n|-damage|p2a: Thundurus|0 fnt\n|-weather|Sandstorm\n|faint|p2a: Thundurus\n|\n|-weather|Sandstorm|[upkeep]\n|-damage|p1a: Hawlucha|380/512 par|[from] Sandstorm\n|upkeep\n|\n|t:|1685139721\n|switch|p2a: Melmetal|Melmetal, L74|322/322\n|turn|17\n|inactive|ja...flava has 120 seconds left.\n|\n|t:|1685139727\n|-start|p2a: Melmetal|Dynamax|\n|-heal|p2a: Melmetal|644/644|[silent]\n|move|p2a: Melmetal|Max Guard|p2a: Melmetal\n|-singleturn|p2a: Melmetal|Max Guard\n|cant|p1a: Hawlucha|par\n|\n|-weather|Sandstorm|[upkeep]\n|-damage|p1a: Hawlucha|364/512 par|[from] Sandstorm\n|upkeep\n|-end|p1a: Hawlucha|Dynamax\n|-heal|p1a: Hawlucha|182/256 par|[silent]\n|turn|18\n|inactive|ja...flava has 120 seconds left.\n|\n|t:|1685139738\n|move|p1a: Hawlucha|Close Combat|p2a: Melmetal\n|-supereffective|p2a: Melmetal\n|-damage|p2a: Melmetal|408/644\n|-unboost|p1a: Hawlucha|def|1\n|-unboost|p1a: Hawlucha|spd|1\n|move|p2a: Melmetal|Max Steelspike|p1a: Hawlucha\n|-damage|p1a: Hawlucha|0 fnt\n|-boost|p2a: Melmetal|def|1\n|faint|p1a: Hawlucha\n|\n|-weather|Sandstorm|[upkeep]\n|-heal|p2a: Melmetal|428/644|[from] item: Leftovers\n|upkeep\n|inactive|ja...flava has 120 seconds left.\n|\n|t:|1685139747\n|switch|p1a: Xurkitree|Xurkitree, L86|219/243\n|turn|19\n|inactive|ja...flava has 120 seconds left.\n|\n|t:|1685139761\n|move|p1a: Xurkitree|Flamethrower|p2a: Melmetal\n|-supereffective|p2a: Melmetal\n|-damage|p2a: Melmetal|155/644\n|-damage|p1a: Xurkitree|195/243|[from] item: Life Orb\n|move|p2a: Melmetal|Max Quake|p1a: Xurkitree\n|-damage|p1a: Xurkitree|78/243\n|-boost|p2a: Melmetal|spd|1\n|replace|p1a: Zoroark|Zoroark, L86, F\n|-end|p1a: Zoroark|Illusion\n|\n|-weather|Sandstorm|[upkeep]\n|-damage|p1a: Zoroark|63/243|[from] Sandstorm\n|-heal|p2a: Melmetal|175/644|[from] item: Leftovers\n|upkeep\n|-end|p2a: Melmetal|Dynamax\n|-heal|p2a: Melmetal|88/322|[silent]\n|turn|20\n|inactive|ja...flava has 120 seconds left.\n|\n|t:|1685139779\n|move|p1a: Zoroark|Flamethrower|p2a: Melmetal\n|-supereffective|p2a: Melmetal\n|-damage|p2a: Melmetal|0 fnt\n|faint|p2a: Melmetal\n|-damage|p1a: Zoroark|39/243|[from] item: Life Orb\n|\n|-weather|none\n|upkeep\n|\n|t:|1685139782\n|switch|p2a: Regigigas|Regigigas, L82|315/315\n|-start|p2a: Regigigas|ability: Slow Start\n|turn|21\n|inactive|ja...flava has 120 seconds left.\n|\n|t:|1685139804\n|move|p1a: Zoroark|Dark Pulse|p2a: Regigigas\n|-damage|p2a: Regigigas|202/315\n|-damage|p1a: Zoroark|15/243|[from] item: Life Orb\n|move|p2a: Regigigas|Substitute|p2a: Regigigas\n|-start|p2a: Regigigas|Substitute\n|-damage|p2a: Regigigas|124/315\n|\n|-heal|p2a: Regigigas|143/315|[from] item: Leftovers\n|upkeep\n|turn|22\n|\n|t:|1685139813\n|move|p2a: Regigigas|Protect|p2a: Regigigas\n|-singleturn|p2a: Regigigas|Protect\n|move|p1a: Zoroark|Dark Pulse|p2a: Regigigas\n|-activate|p2a: Regigigas|move: Protect\n|\n|-heal|p2a: Regigigas|162/315|[from] item: Leftovers\n|upkeep\n|turn|23\n|\n|t:|1685139817\n|move|p1a: Zoroark|Dark Pulse|p2a: Regigigas\n|-end|p2a: Regigigas|Substitute\n|-damage|p1a: Zoroark|0 fnt|[from] item: Life Orb\n|faint|p1a: Zoroark\n|move|p2a: Regigigas|Substitute|p2a: Regigigas\n|-start|p2a: Regigigas|Substitute\n|-damage|p2a: Regigigas|84/315\n|\n|-heal|p2a: Regigigas|103/315|[from] item: Leftovers\n|upkeep\n|inactive|ja...flava has 120 seconds left.\n|\n|t:|1685139844\n|switch|p1a: Xurkitree|Xurkitree, L76|118/251\n|turn|24\n|\n|t:|1685139848\n|move|p1a: Xurkitree|Volt Switch|p2a: Regigigas\n|-end|p2a: Regigigas|Substitute\n|\n|t:|1685139854\n|switch|p1a: Mamoswine|Mamoswine, L80, F|129/307|[from] Volt Switch\n|move|p2a: Regigigas|Body Slam|p1a: Mamoswine\n|-damage|p1a: Mamoswine|53/307\n|\n|-heal|p2a: Regigigas|122/315|[from] item: Leftovers\n|upkeep\n|turn|25\n|\n|t:|1685139863\n|move|p2a: Regigigas|Protect|p2a: Regigigas\n|-singleturn|p2a: Regigigas|Protect\n|move|p1a: Mamoswine|Earthquake|p2a: Regigigas\n|-activate|p2a: Regigigas|move: Protect\n|\n|-heal|p2a: Regigigas|141/315|[from] item: Leftovers\n|-end|p2a: Regigigas|Slow Start\n|upkeep\n|turn|26\n|\n|t:|1685139867\n|move|p2a: Regigigas|Body Slam|p1a: Mamoswine\n|-damage|p1a: Mamoswine|0 fnt\n|faint|p1a: Mamoswine\n|\n|-heal|p2a: Regigigas|160/315|[from] item: Leftovers\n|upkeep\n|\n|t:|1685139870\n|switch|p1a: Xurkitree|Xurkitree, L76|118/251\n|turn|27\n|\n|t:|1685139876\n|move|p2a: Regigigas|Protect|p2a: Regigigas\n|-singleturn|p2a: Regigigas|Protect\n|move|p1a: Xurkitree|Thunderbolt|p2a: Regigigas\n|-activate|p2a: Regigigas|move: Protect\n|\n|-heal|p2a: Regigigas|179/315|[from] item: Leftovers\n|upkeep\n|turn|28\n|\n|t:|1685139879\n|move|p1a: Xurkitree|Thunderbolt|p2a: Regigigas\n|-damage|p2a: Regigigas|61/315\n|-status|p2a: Regigigas|par\n|move|p2a: Regigigas|Body Slam|p1a: Xurkitree\n|-damage|p1a: Xurkitree|0 fnt\n|faint|p1a: Xurkitree\n|\n|win|VapidPigeon\n|raw|ja...flava's rating: 1406 &rarr; <strong>1393</strong><br />(-13 for losing)\n|raw|VapidPigeon's rating: 1524 &rarr; <strong>1537</strong><br />(+13 for winning)\n|c|\u2606VapidPigeon|gg\n", "inputlog": ">version 61c68e60481ef09071210320730fc448fef50368\n>start {\"formatid\":\"gen8randombattle\",\"seed\":[63404,29536,46185,31705],\"rated\":\"Rated battle\"}\n>player p1 {\"name\":\"ja...flava\",\"avatar\":\"170\",\"rating\":1406,\"seed\":[39690,29563,44597,23550]}\n>player p2 {\"name\":\"VapidPigeon\",\"avatar\":\"hugh\",\"rating\":1524,\"seed\":[12681,47984,51551,45134]}\n>p1 move taunt\n>p2 move trick\n>p1 move taunt\n>p2 move psychic\n>p1 move taunt\n>p2 move psychic\n>p1 move taunt\n>p2 switch 3\n>p1 switch 2\n>p2 move thunderbolt\n>p1 move voltswitch\n>p2 switch 3\n>p1 switch 5\n>p1 move darkpulse\n>p2 move trick\n>p2 switch 6\n>p1 switch 2\n>p2 move knockoff\n>p1 switch 5\n>p1 move dazzlinggleam\n>p2 move uturn\n>p2 switch 4\n>p1 switch 6\n>p2 move swordsdance\n>p1 move wish\n>p2 move playrough\n>p1 move bodyslam\n>p2 move playrough\n>p1 switch 3\n>p1 move earthquake\n>p2 move suckerpunch\n>p2 switch 4\n>p1 switch 4\n>p2 move knockoff\n>p1 move closecombat dynamax\n>p2 move thunderwave\n>p2 switch 3\n>p1 move stoneedge dynamax\n>p2 move nastyplot\n>p2 switch 5\n>p1 move closecombat dynamax\n>p2 move thunderwave dynamax\n>p1 move closecombat\n>p2 move doubleironbash dynamax\n>p1 switch 2\n>p1 move flamethrower\n>p2 move earthquake dynamax\n>p1 move flamethrower\n>p2 move earthquake\n>p2 switch 2\n>p1 move darkpulse\n>p2 move substitute\n>p1 move darkpulse\n>p2 move protect\n>p1 move darkpulse\n>p2 move substitute\n>p1 switch 6\n>p1 move voltswitch\n>p2 move bodyslam\n>p1 switch 4\n>p1 move earthquake\n>p2 move protect\n>p1 move earthquake\n>p2 move bodyslam\n>p1 switch 4\n>p1 move thunderbolt\n>p2 move protect\n>p1 move thunderbolt\n>p2 move bodyslam", "uploadtime": 1685139905, "views": 4, "p1id": "jaflava", "p2id": "vapidpigeon", "formatid": "gen8randombattle", "rating": 1393, "private": 0, "password": ""}