{"id": "gen8randombattle-1873087126", "p1": "das yb", "p2": "billpikax", "format": "[Gen 8] Random Battle", "log": "|j|\u2606das yb\n|j|\u2606billpikax\n|t:|1685322533\n|gametype|singles\n|player|p1|das yb|drayden|\n|player|p2|billpikax|1|\n|teamsize|p1|6\n|teamsize|p2|6\n|gen|8\n|tier|[Gen 8] Random Battle\n|rule|Species Clause: Limit one of each Pok\u00e9mon\n|rule|HP Percentage Mod: HP is shown in percentages\n|rule|Sleep Clause Mod: Limit one foe put to sleep\n|\n|t:|1685322533\n|start\n|switch|p1a: Absol|Absol, L84, M|246/246\n|switch|p2a: Wishiwashi|Wishiwashi, L84, M|213/213\n|-formechange|p2a: Wishiwashi|Wishiwashi-School||[from] ability: Schooling\n|turn|1\n|c|\u2606das yb|glhf\n|c|\u2606billpikax|glhf\n|\n|t:|1685322567\n|move|p1a: Absol|Swords Dance|p1a: Absol\n|-boost|p1a: Absol|atk|2\n|move|p2a: Wishiwashi|U-turn|p1a: Absol\n|-supereffective|p1a: Absol\n|-damage|p1a: Absol|56/246\n|n| Bowas|bowas\n|\n|t:|1685322584\n|switch|p2a: Togekiss|Togekiss, L80, M|267/267|[from] U-turn\n|\n|upkeep\n|turn|2\n|\n|t:|1685322590\n|move|p2a: Togekiss|Aura Sphere|p1a: Absol\n|-supereffective|p1a: Absol\n|-damage|p1a: Absol|0 fnt\n|faint|p1a: Absol\n|\n|upkeep\n|c|\u2606das yb|argh\n|\n|t:|1685322597\n|switch|p1a: Swoobat|Swoobat, L86, F|255/255\n|turn|3\n|\n|t:|1685322603\n|switch|p2a: Mantine|Mantine, L86, F|286/286\n|move|p1a: Swoobat|Calm Mind|p1a: Swoobat\n|-boost|p1a: Swoobat|spa|2\n|-boost|p1a: Swoobat|spd|2\n|\n|upkeep\n|turn|4\n|\n|t:|1685322616\n|move|p1a: Swoobat|Calm Mind|p1a: Swoobat\n|-boost|p1a: Swoobat|spa|2\n|-boost|p1a: Swoobat|spd|2\n|move|p2a: Mantine|Toxic|p1a: Swoobat\n|-status|p1a: Swoobat|tox\n|\n|-damage|p1a: Swoobat|240/255 tox|[from] psn\n|upkeep\n|turn|5\n|\n|t:|1685322629\n|move|p1a: Swoobat|Stored Power|p2a: Mantine\n|-damage|p2a: Mantine|0 fnt\n|faint|p2a: Mantine\n|\n|-damage|p1a: Swoobat|210/255 tox|[from] psn\n|upkeep\n|\n|t:|1685322641\n|switch|p2a: Wishiwashi|Wishiwashi, L84, M|213/213\n|-formechange|p2a: Wishiwashi|Wishiwashi-School||[from] ability: Schooling\n|turn|6\n|\n|t:|1685322646\n|move|p1a: Swoobat|Stored Power|p2a: Wishiwashi\n|-damage|p2a: Wishiwashi|0 fnt\n|faint|p2a: Wishiwashi\n|\n|-damage|p1a: Swoobat|165/255 tox|[from] psn\n|upkeep\n|\n|t:|1685322653\n|switch|p2a: Dusknoir|Dusknoir, L86, M|218/218\n|-item|p1a: Swoobat|Heavy-Duty Boots|[from] ability: Frisk|[of] p2a: Dusknoir|[identify]\n|turn|7\n|c|\u2606das yb|swoobat is him??\n|\n|t:|1685322665\n|move|p1a: Swoobat|Stored Power|p2a: Dusknoir\n|-damage|p2a: Dusknoir|0 fnt\n|faint|p2a: Dusknoir\n|\n|-damage|p1a: Swoobat|105/255 tox|[from] psn\n|upkeep\n|\n|t:|1685322674\n|switch|p2a: Togekiss|Togekiss, L80, M|267/267\n|turn|8\n|\n|t:|1685322677\n|move|p1a: Swoobat|Stored Power|p2a: Togekiss\n|-damage|p2a: Togekiss|0 fnt\n|faint|p2a: Togekiss\n|\n|-damage|p1a: Swoobat|30/255 tox|[from] psn\n|upkeep\n|\n|t:|1685322682\n|switch|p2a: Hitmonlee|Hitmonlee, L84, M|221/221\n|turn|9\n|\n|t:|1685322687\n|move|p1a: Swoobat|Stored Power|p2a: Hitmonlee\n|-supereffective|p2a: Hitmonlee\n|-damage|p2a: Hitmonlee|0 fnt\n|faint|p2a: Hitmonlee\n|\n|-damage|p1a: Swoobat|0 fnt|[from] psn\n|faint|p1a: Swoobat\n|upkeep\n|\n|t:|1685322693\n|switch|p1a: Dracovish|Dracovish, L80|275/275\n|switch|p2a: Lilligant|Lilligant, L84, F|255/255\n|turn|10\n|c|\u2606das yb|oh shit\n|\n|t:|1685322706\n|switch|p1a: Conkeldurr|Conkeldurr, L80, F|299/299\n|move|p2a: Lilligant|Quiver Dance|p2a: Lilligant\n|-boost|p2a: Lilligant|spa|1\n|-boost|p2a: Lilligant|spd|1\n|-boost|p2a: Lilligant|spe|1\n|\n|-status|p1a: Conkeldurr|brn|[from] item: Flame Orb\n|upkeep\n|turn|11\n|\n|t:|1685322716\n|move|p2a: Lilligant|Giga Drain|p1a: Conkeldurr\n|-damage|p1a: Conkeldurr|83/299 brn\n|-damage|p2a: Lilligant|230/255|[from] item: Life Orb\n|move|p1a: Conkeldurr|Facade|p2a: Lilligant\n|-damage|p2a: Lilligant|12/255\n|\n|-damage|p1a: Conkeldurr|65/299 brn|[from] brn\n|upkeep\n|turn|12\n|\n|t:|1685322722\n|move|p1a: Conkeldurr|Mach Punch|p2a: Lilligant\n|-damage|p2a: Lilligant|0 fnt\n|faint|p2a: Lilligant\n|\n|win|das yb\n|c|\u2606billpikax|gg\n|c|\u2606das yb|gg\n|l|\u2606billpikax\n|player|p1|das yb|drayden\n", "inputlog": ">version 6fec31d5a0d4498a06105aa188c9906bc0b6bf95\n>start {\"formatid\":\"gen8randombattle\",\"seed\":[27596,61069,18815,58234]}\n>player p1 {\"name\":\"das yb\",\"avatar\":\"drayden\",\"rating\":0,\"seed\":[35374,25113,33845,11748]}\n>player p2 {\"name\":\"billpikax\",\"avatar\":\"1\",\"rating\":0,\"seed\":[24369,15009,2635,35432]}\n>chat \u2606das yb|glhf\n>chat \u2606billpikax|glhf\n>p1 move swordsdance\n>p2 move uturn\n>p2 switch 4\n>p1 move knockoff\n>p2 move aurasphere\n>chat \u2606das yb|argh\n>p1 switch 6\n>p1 move calmmind\n>p2 switch 3\n>p1 move calmmind\n>p2 move toxic\n>p1 move storedpower\n>p2 move roost\n>p2 switch 4\n>p1 move storedpower\n>p2 move icebeam\n>p2 switch 2\n>chat \u2606das yb|swoobat is him??\n>p1 move storedpower\n>p2 move icepunch\n>p2 switch 3\n>p1 move storedpower\n>p2 move airslash\n>p2 switch 5\n>p1 move storedpower\n>p2 move knockoff\n>p1 switch 2\n>p2 switch 6\n>chat \u2606das yb|oh shit \n>p1 switch 3\n>p2 move quiverdance\n>p1 move facade\n>p2 move gigadrain\n>p1 move machpunch\n>p2 move gigadrain", "uploadtime": 1685322729, "views": 5, "p1id": "dasyb", "p2id": "billpikax", "formatid": "gen8randombattle", "rating": 0, "private": 0, "password": ""}