|j|☆Appelsap
|j|☆Elxsa❀
|t:|1651146786
|gametype|singles
|player|p1|Appelsap|1|2430
|player|p2|Elxsa❀|elesa|2418
|teamsize|p1|6
|teamsize|p2|6
|gen|8
|tier|[Gen 8] Random Battle
|rated|
|rule|Species Clause: Limit one of each Pokémon
|rule|HP Percentage Mod: HP is shown in percentages
|rule|Sleep Clause Mod: Limit one foe put to sleep
|
|t:|1651146786
|start
|switch|p1a: Xurkitree|Xurkitree, L76|251/251
|switch|p2a: Stoutland|Stoutland, L86, M|286/286
|-ability|p2a: Stoutland|Intimidate|boost
|-unboost|p1a: Xurkitree|atk|1
|turn|1
|c|☆Appelsap|lets see if this mu is fairer
|c|☆Elxsa❀|lol
|
|t:|1651146811
|switch|p1a: Corsola|Corsola-Galar, L84, F|238/238
|move|p2a: Stoutland|Facade|p1a: Corsola
|-immune|p1a: Corsola
|
|upkeep
|turn|2
|
|t:|1651146817
|switch|p2a: Vikavolt|Vikavolt, L82, F|260/260
|move|p1a: Corsola|Stealth Rock|p2a: Vikavolt
|-sidestart|p2: Elxsa❀|move: Stealth Rock
|
|upkeep
|turn|3
|
|t:|1651146822
|switch|p1a: Galvantula|Galvantula, L82, F|249/249
|move|p2a: Vikavolt|Sticky Web|p1a: Galvantula
|-sidestart|p1: Appelsap|move: Sticky Web
|
|upkeep
|turn|4
|
|t:|1651146828
|move|p1a: Galvantula|Sticky Web|p2a: Vikavolt
|-sidestart|p2: Elxsa❀|move: Sticky Web
|move|p2a: Vikavolt|Bug Buzz|p1a: Galvantula
|-damage|p1a: Galvantula|92/249
|
|upkeep
|turn|5
|
|t:|1651146835
|move|p1a: Galvantula|Bug Buzz|p2a: Vikavolt
|-damage|p2a: Vikavolt|161/260
|move|p2a: Vikavolt|Bug Buzz|p1a: Galvantula
|-damage|p1a: Galvantula|0 fnt
|faint|p1a: Galvantula
|
|upkeep
|
|t:|1651146838
|switch|p1a: Excadrill|Excadrill, L78, M|300/300
|-activate|p1a: Excadrill|move: Sticky Web
|-unboost|p1a: Excadrill|spe|1
|-ability|p1a: Excadrill|Mold Breaker
|turn|6
|
|t:|1651146847
|switch|p2a: Arcanine|Arcanine, L82, F|282/282
|-ability|p2a: Arcanine|Intimidate|boost
|-unboost|p1a: Excadrill|atk|1
|move|p1a: Excadrill|Rapid Spin|p2a: Arcanine
|-damage|p2a: Arcanine|254/282
|-boost|p1a: Excadrill|spe|1
|-sideend|p1: Appelsap|Sticky Web|[from] move: Rapid Spin|[of] p1a: Excadrill
|
|upkeep
|turn|7
|
|t:|1651146858
|switch|p1a: Rapidash|Rapidash-Galar, L84, M|246/246
|move|p2a: Arcanine|Flare Blitz|p1a: Rapidash
|-damage|p1a: Rapidash|96/246
|-damage|p2a: Arcanine|204/282|[from] Recoil
|
|-heal|p1a: Rapidash|111/246|[from] item: Leftovers
|upkeep
|turn|8
|
|t:|1651146868
|move|p1a: Rapidash|Morning Sun|p1a: Rapidash
|-heal|p1a: Rapidash|234/246
|move|p2a: Arcanine|Flare Blitz|p1a: Rapidash
|-damage|p1a: Rapidash|72/246
|-damage|p2a: Arcanine|151/282|[from] Recoil
|
|-heal|p1a: Rapidash|87/246|[from] item: Leftovers
|upkeep
|turn|9
|
|t:|1651146876
|move|p1a: Rapidash|Morning Sun|p1a: Rapidash
|-heal|p1a: Rapidash|210/246
|move|p2a: Arcanine|Morning Sun|p2a: Arcanine
|-heal|p2a: Arcanine|282/282
|
|-heal|p1a: Rapidash|225/246|[from] item: Leftovers
|upkeep
|turn|10
|
|t:|1651146888
|move|p1a: Rapidash|Swords Dance|p1a: Rapidash
|-boost|p1a: Rapidash|atk|2
|move|p2a: Arcanine|Flare Blitz|p1a: Rapidash
|-damage|p1a: Rapidash|66/246
|-damage|p2a: Arcanine|230/282|[from] Recoil
|
|-heal|p1a: Rapidash|81/246|[from] item: Leftovers
|upkeep
|turn|11
|
|t:|1651146897
|-start|p2a: Arcanine|Dynamax|
|-heal|p2a: Arcanine|460/564|[silent]
|move|p1a: Rapidash|Morning Sun|p1a: Rapidash
|-heal|p1a: Rapidash|204/246
|move|p2a: Arcanine|Max Flare|p1a: Rapidash
|-damage|p1a: Rapidash|36/246
|-weather|SunnyDay
|
|-weather|SunnyDay|[upkeep]
|-heal|p1a: Rapidash|51/246|[from] item: Leftovers
|upkeep
|turn|12
|j| KingZuko
|
|t:|1651146963
|switch|p1a: Shiinotic|Shiinotic, L86, M|243/243
|move|p2a: Arcanine|Max Flare|p1a: Shiinotic
|-supereffective|p1a: Shiinotic
|-damage|p1a: Shiinotic|0 fnt
|faint|p1a: Shiinotic
|
|-weather|SunnyDay|[upkeep]
|upkeep
|
|t:|1651146965
|switch|p1a: Corsola|Corsola-Galar, L84, F|238/238
|turn|13
|
|t:|1651146973
|move|p2a: Arcanine|Max Guard|p2a: Arcanine
|-singleturn|p2a: Arcanine|Max Guard
|move|p1a: Corsola|Strength Sap|p2a: Arcanine
|-activate|p2a: Arcanine|move: Max Guard
|
|-weather|SunnyDay|[upkeep]
|-end|p2a: Arcanine|Dynamax
|-heal|p2a: Arcanine|230/282|[silent]
|upkeep
|turn|14
|
|t:|1651146983
|move|p2a: Arcanine|Toxic|p1a: Corsola
|-status|p1a: Corsola|tox
|move|p1a: Corsola|Strength Sap|p2a: Arcanine
|-unboost|p2a: Arcanine|atk|1
|
|-weather|SunnyDay|[upkeep]
|-damage|p1a: Corsola|224/238 tox|[from] psn
|upkeep
|turn|15
|
|t:|1651147005
|switch|p1a: Xurkitree|Xurkitree, L76|251/251
|move|p2a: Arcanine|Flare Blitz|p1a: Xurkitree
|-damage|p1a: Xurkitree|92/251
|-damage|p2a: Arcanine|178/282|[from] Recoil
|
|-weather|none
|upkeep
|turn|16
|
|t:|1651147013
|move|p1a: Xurkitree|Thunderbolt|p2a: Arcanine
|-damage|p2a: Arcanine|43/282
|move|p2a: Arcanine|Morning Sun|p2a: Arcanine
|-heal|p2a: Arcanine|184/282
|
|upkeep
|turn|17
|
|t:|1651147018
|move|p1a: Xurkitree|Thunderbolt|p2a: Arcanine
|-damage|p2a: Arcanine|54/282
|-status|p2a: Arcanine|par
|move|p2a: Arcanine|Morning Sun|p2a: Arcanine
|-heal|p2a: Arcanine|195/282 par
|
|upkeep
|turn|18
|
|t:|1651147022
|switch|p2a: Vikavolt|Vikavolt, L82, F|161/260
|move|p1a: Xurkitree|Thunderbolt|p2a: Vikavolt
|-resisted|p2a: Vikavolt
|-damage|p2a: Vikavolt|92/260
|
|upkeep
|turn|19
|
|t:|1651147027
|switch|p1a: Excadrill|Excadrill, L78, M|300/300
|-ability|p1a: Excadrill|Mold Breaker
|move|p2a: Vikavolt|Roost|p2a: Vikavolt
|-heal|p2a: Vikavolt|222/260
|-singleturn|p2a: Vikavolt|move: Roost
|
|upkeep
|turn|20
|
|t:|1651147043
|switch|p2a: Suicune|Suicune, L80|291/291
|-activate|p2a: Suicune|move: Sticky Web
|-unboost|p2a: Suicune|spe|1
|-damage|p2a: Suicune|255/291|[from] Stealth Rock
|-ability|p2a: Suicune|Pressure
|move|p1a: Excadrill|Earthquake|p2a: Suicune
|-damage|p2a: Suicune|146/291
|
|-heal|p2a: Suicune|164/291|[from] item: Leftovers
|upkeep
|turn|21
|
|t:|1651147053
|move|p1a: Excadrill|Earthquake|p2a: Suicune
|-damage|p2a: Suicune|70/291
|move|p2a: Suicune|Scald|p1a: Excadrill
|-supereffective|p1a: Excadrill
|-damage|p1a: Excadrill|166/300
|-status|p1a: Excadrill|brn
|
|-heal|p2a: Suicune|88/291|[from] item: Leftovers
|-damage|p1a: Excadrill|148/300 brn|[from] brn
|upkeep
|turn|22
|
|t:|1651147061
|move|p1a: Excadrill|Earthquake|p2a: Suicune
|-damage|p2a: Suicune|39/291
|move|p2a: Suicune|Rest|p2a: Suicune
|-status|p2a: Suicune|slp|[from] move: Rest
|-heal|p2a: Suicune|291/291 slp|[silent]
|
|-damage|p1a: Excadrill|130/300 brn|[from] brn
|upkeep
|turn|23
|
|t:|1651147073
|switch|p1a: Rapidash|Rapidash-Galar, L84, M|51/246
|switch|p2a: Vikavolt|Vikavolt, L82, F|222/260
|
|-heal|p1a: Rapidash|66/246|[from] item: Leftovers
|upkeep
|turn|24
|
|t:|1651147078
|move|p1a: Rapidash|Morning Sun|p1a: Rapidash
|-heal|p1a: Rapidash|189/246
|move|p2a: Vikavolt|Bug Buzz|p1a: Rapidash
|-damage|p1a: Rapidash|54/246
|
|-heal|p1a: Rapidash|69/246|[from] item: Leftovers
|upkeep
|turn|25
|
|t:|1651147084
|switch|p1a: Excadrill|Excadrill, L78, M|130/300 brn
|-ability|p1a: Excadrill|Mold Breaker
|move|p2a: Vikavolt|Bug Buzz|p1a: Excadrill
|-resisted|p1a: Excadrill
|-crit|p1a: Excadrill
|-damage|p1a: Excadrill|43/300 brn
|
|-damage|p1a: Excadrill|25/300 brn|[from] brn
|upkeep
|turn|26
|
|t:|1651147091
|move|p1a: Excadrill|Rock Slide|p2a: Vikavolt
|-supereffective|p2a: Vikavolt
|-damage|p2a: Vikavolt|166/260
|move|p2a: Vikavolt|Roost|p2a: Vikavolt
|-heal|p2a: Vikavolt|260/260
|-singleturn|p2a: Vikavolt|move: Roost
|
|-damage|p1a: Excadrill|7/300 brn|[from] brn
|upkeep
|turn|27
|
|t:|1651147097
|move|p1a: Excadrill|Earthquake|p2a: Vikavolt
|-damage|p2a: Vikavolt|196/260
|move|p2a: Vikavolt|Roost|p2a: Vikavolt
|-heal|p2a: Vikavolt|260/260
|-singleturn|p2a: Vikavolt|move: Roost
|
|-damage|p1a: Excadrill|0 fnt|[from] brn
|faint|p1a: Excadrill
|upkeep
|c|☆Appelsap|that burn was very bad
|
|t:|1651147146
|switch|p1a: Xurkitree|Xurkitree, L76|92/251
|turn|28
|
|t:|1651147152
|move|p1a: Xurkitree|Volt Switch|p2a: Vikavolt
|-resisted|p2a: Vikavolt
|-damage|p2a: Vikavolt|203/260
|
|t:|1651147155
|switch|p1a: Corsola|Corsola-Galar, L84, F|224/238 tox
|move|p2a: Vikavolt|Roost|p2a: Vikavolt
|-heal|p2a: Vikavolt|260/260
|-singleturn|p2a: Vikavolt|move: Roost
|
|-damage|p1a: Corsola|210/238 tox|[from] psn
|upkeep
|turn|29
|
|t:|1651147160
|move|p2a: Vikavolt|Bug Buzz|p1a: Corsola
|-resisted|p1a: Corsola
|-damage|p1a: Corsola|175/238 tox
|-start|p2a: Vikavolt|Disable|Bug Buzz|[from] ability: Cursed Body|[of] p1a: Corsola
|move|p1a: Corsola|Night Shade|p2a: Vikavolt
|-damage|p2a: Vikavolt|176/260
|
|-damage|p1a: Corsola|147/238 tox|[from] psn
|upkeep
|turn|30
|
|t:|1651147168
|move|p2a: Vikavolt|Sticky Web|p1a: Corsola
|-sidestart|p1: Appelsap|move: Sticky Web
|move|p1a: Corsola|Night Shade|p2a: Vikavolt
|-damage|p2a: Vikavolt|92/260
|
|-damage|p1a: Corsola|105/238 tox|[from] psn
|upkeep
|turn|31
|
|t:|1651147174
|move|p2a: Vikavolt|Roost|p2a: Vikavolt
|-heal|p2a: Vikavolt|222/260
|-singleturn|p2a: Vikavolt|move: Roost
|move|p1a: Corsola|Night Shade|p2a: Vikavolt
|-damage|p2a: Vikavolt|138/260
|
|-damage|p1a: Corsola|49/238 tox|[from] psn
|upkeep
|turn|32
|
|t:|1651147179
|move|p2a: Vikavolt|Roost|p2a: Vikavolt
|-heal|p2a: Vikavolt|260/260
|-singleturn|p2a: Vikavolt|move: Roost
|move|p1a: Corsola|Night Shade|p2a: Vikavolt
|-damage|p2a: Vikavolt|176/260
|
|-damage|p1a: Corsola|0 fnt|[from] psn
|faint|p1a: Corsola
|-end|p2a: Vikavolt|Disable
|upkeep
|
|t:|1651147229
|switch|p1a: Rapidash|Rapidash-Galar, L84, M|69/246
|-activate|p1a: Rapidash|move: Sticky Web
|-unboost|p1a: Rapidash|spe|1
|turn|33
|c|☆Elxsa❀|it was like the first scald burn i've got in ages that i needed
|c|☆Elxsa❀|but yeah
|
|t:|1651147245
|move|p1a: Rapidash|Play Rough|p2a: Vikavolt
|-damage|p2a: Vikavolt|79/260
|move|p2a: Vikavolt|Bug Buzz|p1a: Rapidash
|-damage|p1a: Rapidash|0 fnt
|faint|p1a: Rapidash
|
|upkeep
|
|t:|1651147249
|switch|p1a: Xurkitree|Xurkitree, L76|92/251
|-activate|p1a: Xurkitree|move: Sticky Web
|-unboost|p1a: Xurkitree|spe|1
|turn|34
|
|t:|1651147279
|move|p1a: Xurkitree|Dazzling Gleam|p2a: Vikavolt
|-damage|p2a: Vikavolt|0 fnt
|faint|p2a: Vikavolt
|-ability|p1a: Xurkitree|Beast Boost|boost
|-boost|p1a: Xurkitree|spa|1
|
|upkeep
|
|t:|1651147284
|switch|p2a: Arcanine|Arcanine, L82, F|195/282 par
|-ability|p2a: Arcanine|Intimidate|boost
|-unboost|p1a: Xurkitree|atk|1
|turn|35
|
|t:|1651147290
|-start|p1a: Xurkitree|Dynamax|
|-heal|p1a: Xurkitree|184/502|[silent]
|move|p1a: Xurkitree|Max Lightning|p2a: Arcanine
|-damage|p2a: Arcanine|0 fnt
|-fieldstart|move: Electric Terrain
|faint|p2a: Arcanine
|-ability|p1a: Xurkitree|Beast Boost|boost
|-boost|p1a: Xurkitree|spa|1
|
|upkeep
|
|t:|1651147300
|switch|p2a: Suicune|Suicune, L80|291/291 slp
|-activate|p2a: Suicune|move: Sticky Web
|-unboost|p2a: Suicune|spe|1
|-damage|p2a: Suicune|255/291 slp|[from] Stealth Rock
|-ability|p2a: Suicune|Pressure
|turn|36
|
|t:|1651147306
|cant|p2a: Suicune|slp
|move|p2a: Suicune|Sleep Talk|p2a: Suicune
|move|p2a: Suicune|Calm Mind|p2a: Suicune|[from]move: Sleep Talk
|-boost|p2a: Suicune|spa|1
|-boost|p2a: Suicune|spd|1
|move|p1a: Xurkitree|Max Overgrowth|p2a: Suicune
|-supereffective|p2a: Suicune
|-damage|p2a: Suicune|0 fnt
|-fieldstart|move: Grassy Terrain
|faint|p2a: Suicune
|-ability|p1a: Xurkitree|Beast Boost|boost
|-boost|p1a: Xurkitree|spa|1
|
|-heal|p1a: Xurkitree|199/502|[from] Grassy Terrain
|upkeep
|
|t:|1651147316
|switch|p2a: Stoutland|Stoutland, L86, M|286/286
|-damage|p2a: Stoutland|251/286|[from] Stealth Rock
|-activate|p2a: Stoutland|move: Sticky Web
|-unboost|p2a: Stoutland|spe|1
|-ability|p2a: Stoutland|Intimidate|boost
|-unboost|p1a: Xurkitree|atk|1
|turn|37
|
|t:|1651147321
|move|p2a: Stoutland|Crunch|p1a: Xurkitree
|-damage|p1a: Xurkitree|107/502
|move|p1a: Xurkitree|Max Overgrowth|p2a: Stoutland
|-damage|p2a: Stoutland|0 fnt
|faint|p2a: Stoutland
|-ability|p1a: Xurkitree|Beast Boost|boost
|-boost|p1a: Xurkitree|spa|1
|
|-heal|p1a: Xurkitree|122/502|[from] Grassy Terrain
|-end|p1a: Xurkitree|Dynamax
|-heal|p1a: Xurkitree|61/251|[silent]
|upkeep
|
|t:|1651147326
|switch|p2a: Regieleki|Regieleki, L78|253/253
|-damage|p2a: Regieleki|222/253|[from] Stealth Rock
|-activate|p2a: Regieleki|move: Sticky Web
|-unboost|p2a: Regieleki|spe|1
|turn|38
|
|t:|1651147330
|move|p2a: Regieleki|Explosion|p1a: Xurkitree
|-damage|p1a: Xurkitree|0 fnt
|faint|p2a: Regieleki
|faint|p1a: Xurkitree
|
|win|Elxsa❀
|raw|Appelsap's rating: 2430 &rarr; <strong>2409</strong><br />(-21 for losing)
|raw|Elxsa❀'s rating: 2418 &rarr; <strong>2439</strong><br />(+21 for winning)
|c|☆Elxsa❀|gg
|c|☆Appelsap|gg
|l|☆Appelsap
|l|☆Elxsa❀
||Ladder isn't responding, score probably updated but might not have (Request timeout).
