{"id": "gen8randombattle-1874835074", "p1": "Habib_SSJ2", "p2": "Aadi256", "format": "[Gen 8] Random Battle", "log": "|j|\u2606Habib_SSJ2\n|j|\u2606Aadi256\n|t:|1685545168\n|gametype|singles\n|player|p1|Habib_SSJ2|gambler|\n|player|p2|Aadi256|shadowtriad|\n|teamsize|p1|6\n|teamsize|p2|6\n|gen|8\n|tier|[Gen 8] Random Battle\n|rule|Species Clause: Limit one of each Pok\u00e9mon\n|rule|HP Percentage Mod: HP is shown in percentages\n|rule|Sleep Clause Mod: Limit one foe put to sleep\n|\n|t:|1685545168\n|start\n|switch|p1a: Pincurchin|Pincurchin, L88, F|228/228\n|switch|p2a: Silvally|Silvally-Water, L84|297/297\n|-fieldstart|move: Electric Terrain|[from] ability: Electric Surge|[of] p1a: Pincurchin\n|turn|1\n|c|\u2606Habib_SSJ2|whats with you and silvally\n|j| Akshajm1234\n|c| Akshajm1234|Lmao a pincurchin\n|c|\u2606Aadi256|ikr\n|c|\u2606Habib_SSJ2|is that thing shiny?\n|c| Akshajm1234|no\n|c|\u2606Habib_SSJ2|nvm\n|inactive|Battle timer is ON: inactive players will automatically lose when time's up. (requested by Habib_SSJ2)\n|\n|t:|1685545224\n|switch|p2a: Nidoking|Nidoking, L82, M|267/267\n|move|p1a: Pincurchin|Rising Voltage|p2a: Nidoking\n|-immune|p2a: Nidoking\n|\n|upkeep\n|turn|2\n|c| Akshajm1234|OOOOOOOOHHHHHHH\n|c| Akshajm1234|THE PREDICT\n|c|\u2606Aadi256|EYY\n|c| Akshajm1234|Aight imma head out\n|c| Akshajm1234|gl\n|inactive|Habib_SSJ2 has 270 seconds left.\n|inactive|Aadi256 has 270 seconds left.\n|l| Akshajm1234\n|c|\u2606Aadi256|ty\n|c|\u2606Aadi256|bye\n|\n|t:|1685545280\n|switch|p1a: Accelgor|Accelgor, L86, M|278/278\n|move|p2a: Nidoking|Earth Power|p1a: Accelgor\n|-resisted|p1a: Accelgor\n|-damage|p1a: Accelgor|183/278\n|\n|upkeep\n|turn|3\n|inactive|Habib_SSJ2 has 240 seconds left.\n|inactive|Aadi256 has 240 seconds left.\n|c|\u2606Habib_SSJ2|man my team is kinda ass\n|\n|t:|1685545323\n|switch|p2a: Flygon|Flygon, L80, F|259/259\n|move|p1a: Accelgor|Energy Ball|p2a: Flygon\n|-damage|p2a: Flygon|181/259\n|\n|upkeep\n|turn|4\n|inactive|Habib_SSJ2 has 240 seconds left.\n|c|\u2606Aadi256|sadge\n|inactive|Habib_SSJ2 has 210 seconds left.\n|\n|t:|1685545363\n|move|p1a: Accelgor|Toxic|p2a: Flygon|[miss]\n|-miss|p1a: Accelgor|p2a: Flygon\n|move|p2a: Flygon|Fire Punch|p1a: Accelgor\n|-supereffective|p1a: Accelgor\n|-damage|p1a: Accelgor|0 fnt\n|faint|p1a: Accelgor\n|-damage|p2a: Flygon|156/259|[from] item: Life Orb\n|\n|upkeep\n|inactive|Habib_SSJ2 has 210 seconds left.\n|c|\u2606Habib_SSJ2|ok\n|c|\u2606Aadi256|ok\n|\n|t:|1685545390\n|switch|p1a: Indeedee|Indeedee, L83, M|235/235\n|-fieldstart|move: Psychic Terrain|[from] ability: Psychic Surge|[of] p1a: Indeedee\n|turn|5\n|inactive|Aadi256 has 210 seconds left.\n|inactive|Aadi256 has 180 seconds left.\n|\n|t:|1685545465\n|switch|p2a: Nidoking|Nidoking, L82, M|267/267\n|move|p1a: Indeedee|Trick|p2a: Nidoking\n|-activate|p1a: Indeedee|move: Trick|[of] p2a: Nidoking\n|-item|p2a: Nidoking|Choice Scarf|[from] move: Trick\n|-item|p1a: Indeedee|Life Orb|[from] move: Trick\n|\n|upkeep\n|turn|6\n|inactive|Aadi256 has 150 seconds left.\n|inactive|Habib_SSJ2 has 180 seconds left.\n|\n|t:|1685545503\n|switch|p2a: Mr. Mime|Mr. Mime, L86, F|209/209\n|move|p1a: Indeedee|Expanding Force|p2a: Mr. Mime\n|-resisted|p2a: Mr. Mime\n|-damage|p2a: Mr. Mime|121/209\n|-damage|p1a: Indeedee|212/235|[from] item: Life Orb\n|\n|upkeep\n|turn|7\n|inactive|Aadi256 has 120 seconds left.\n|\n|t:|1685545539\n|-start|p1a: Indeedee|Dynamax|\n|-heal|p1a: Indeedee|424/470|[silent]\n|move|p1a: Indeedee|Max Mindstorm|p2a: Mr. Mime\n|-resisted|p2a: Mr. Mime\n|-damage|p2a: Mr. Mime|25/209\n|-damage|p1a: Indeedee|401/470|[from] item: Life Orb\n|move|p2a: Mr. Mime|Psychic|p1a: Indeedee\n|-resisted|p1a: Indeedee\n|-damage|p1a: Indeedee|315/470\n|-damage|p2a: Mr. Mime|5/209|[from] item: Life Orb\n|\n|upkeep\n|turn|8\n|inactive|Aadi256 has 120 seconds left.\n|c|\u2606Aadi256|BRUH\n|inactive|Habib_SSJ2 has 150 seconds left.\n|\n|t:|1685545565\n|-start|p2a: Mr. Mime|Dynamax|\n|-heal|p2a: Mr. Mime|10/418|[silent]\n|move|p2a: Mr. Mime|Max Guard|p2a: Mr. Mime\n|-singleturn|p2a: Mr. Mime|Max Guard\n|move|p1a: Indeedee|Max Mindstorm|p2a: Mr. Mime\n|-activate|p2a: Mr. Mime|move: Max Guard\n|\n|upkeep\n|turn|9\n|c|\u2606Habib_SSJ2|o..k??\n|\n|t:|1685545585\n|move|p1a: Indeedee|Max Mindstorm|p2a: Mr. Mime\n|-resisted|p2a: Mr. Mime\n|-damage|p2a: Mr. Mime|0 fnt\n|faint|p2a: Mr. Mime\n|-damage|p1a: Indeedee|292/470|[from] item: Life Orb\n|\n|-fieldend|move: Psychic Terrain\n|upkeep\n|c|\u2606Aadi256|relax\n|inactive|Aadi256 has 90 seconds left.\n|c|\u2606Habib_SSJ2|that wasnt it chief\n|\n|t:|1685545620\n|switch|p2a: Nidoking|Nidoking, L82, M|267/267\n|-end|p1a: Indeedee|Dynamax\n|-heal|p1a: Indeedee|146/235|[silent]\n|turn|10\n|\n|t:|1685545630\n|move|p2a: Nidoking|Earth Power|p1a: Indeedee\n|-damage|p1a: Indeedee|46/235\n|move|p1a: Indeedee|Expanding Force|p2a: Nidoking\n|-supereffective|p2a: Nidoking\n|-damage|p2a: Nidoking|10/267\n|-damage|p1a: Indeedee|23/235|[from] item: Life Orb\n|\n|upkeep\n|turn|11\n|c|\u2606Aadi256|im so stupid\n|inactive|Habib_SSJ2 has 150 seconds left.\n|\n|t:|1685545672\n|move|p2a: Nidoking|Earth Power|p1a: Indeedee\n|-damage|p1a: Indeedee|0 fnt\n|faint|p1a: Indeedee\n|\n|upkeep\n|\n|t:|1685545681\n|switch|p1a: Cinccino|Cinccino, L84, M|263/263\n|turn|12\n|\n|t:|1685545708\n|move|p2a: Nidoking|Earth Power|p1a: Cinccino\n|-damage|p1a: Cinccino|124/263\n|move|p1a: Cinccino|U-turn|p2a: Nidoking\n|-resisted|p2a: Nidoking\n|-damage|p2a: Nidoking|0 fnt\n|faint|p2a: Nidoking\n|\n|t:|1685545721\n|switch|p1a: Pincurchin|Pincurchin, L88, F|228/228|[from] U-turn\n|-fieldstart|move: Electric Terrain|[from] ability: Electric Surge|[of] p1a: Pincurchin\n|\n|upkeep\n|inactive|Aadi256 has 60 seconds left.\n|c|\u2606Habib_SSJ2|ill win this on time if i have to\n|c|\u2606Aadi256|no\n|\n|t:|1685545757\n|switch|p2a: Regirock|Regirock, L85|275/275\n|turn|13\n|c|\u2606Habib_SSJ2|your team is just cracked wtf\n|inactive|Aadi256 has 30 seconds left.\n|\n|t:|1685545780\n|switch|p2a: Gourgeist|Gourgeist, L84, M|246/246\n|-item|p1a: Pincurchin|Shuca Berry|[from] ability: Frisk|[of] p2a: Gourgeist|[identify]\n|move|p1a: Pincurchin|Scald|p2a: Gourgeist\n|-resisted|p2a: Gourgeist\n|-damage|p2a: Gourgeist|215/246\n|\n|upkeep\n|turn|14\n|inactive|Aadi256 has 30 seconds left.\n|inactive|Aadi256 has 20 seconds left.\n|inactive|Aadi256 has 15 seconds left.\n|inactive|Aadi256 has 10 seconds left.\n|inactive|Habib_SSJ2 has 120 seconds left.\n|inactive|Aadi256 has 5 seconds left.\n|\n|t:|1685545820\n|move|p1a: Pincurchin|Sucker Punch|p2a: Gourgeist\n|-supereffective|p2a: Gourgeist\n|-damage|p2a: Gourgeist|121/246\n|move|p2a: Gourgeist|Power Whip|p1a: Pincurchin\n|-damage|p1a: Pincurchin|82/228\n|-damage|p2a: Gourgeist|97/246|[from] item: Life Orb\n|\n|upkeep\n|turn|15\n|inactive|Aadi256 has 15 seconds left this turn.\n|inactive|Aadi256 has 10 seconds left.\n|inactive|Habib_SSJ2 has 120 seconds left.\n|inactive|Aadi256 has 5 seconds left.\n|\n|t:|1685545833\n|switch|p1a: Cinderace|Cinderace, L74, M|240/240\n|move|p2a: Gourgeist|Synthesis|p2a: Gourgeist\n|-heal|p2a: Gourgeist|220/246\n|\n|upkeep\n|turn|16\n|inactive|Aadi256 has 15 seconds left this turn.\n|inactive|Aadi256 has 10 seconds left.\n|inactive|Habib_SSJ2 has 120 seconds left.\n|\n|t:|1685545845\n|switch|p2a: Silvally|Silvally-Water, L84|297/297\n|move|p1a: Cinderace|Pyro Ball|p2a: Silvally\n|-resisted|p2a: Silvally\n|-damage|p2a: Silvally|243/297\n|\n|-fieldend|move: Electric Terrain\n|upkeep\n|turn|17\n|inactive|Aadi256 has 20 seconds left this turn.\n|inactive|Aadi256 has 15 seconds left.\n|inactive|Habib_SSJ2 has 120 seconds left.\n|inactive|Aadi256 has 10 seconds left.\n|inactive|Aadi256 has 5 seconds left.\n|\n|t:|1685545864\n|switch|p1a: Cinccino|Cinccino, L84, M|124/263\n|move|p2a: Silvally|Ice Beam|p1a: Cinccino\n|-damage|p1a: Cinccino|38/263\n|\n|upkeep\n|turn|18\n|inactive|Aadi256 has 15 seconds left this turn.\n|inactive|Aadi256 has 10 seconds left.\n|\n|t:|1685545873\n|move|p1a: Cinccino|Bullet Seed|p2a: Silvally\n|-supereffective|p2a: Silvally\n|-damage|p2a: Silvally|193/297\n|-supereffective|p2a: Silvally\n|-damage|p2a: Silvally|137/297\n|-supereffective|p2a: Silvally\n|-damage|p2a: Silvally|87/297\n|-supereffective|p2a: Silvally\n|-crit|p2a: Silvally\n|-damage|p2a: Silvally|5/297\n|-supereffective|p2a: Silvally\n|-damage|p2a: Silvally|0 fnt\n|faint|p2a: Silvally\n|-hitcount|p2: Silvally|5\n|\n|upkeep\n|inactive|Aadi256 has 15 seconds left this turn.\n|inactive|Aadi256 has 10 seconds left.\n|inactive|Aadi256 has 5 seconds left.\n|\n|t:|1685545886\n|switch|p2a: Gourgeist|Gourgeist, L84, M|220/246\n|-item|p1a: Cinccino|Choice Band|[from] ability: Frisk|[of] p2a: Gourgeist|[identify]\n|turn|19\n|inactive|Aadi256 has 15 seconds left this turn.\n|c|\u2606Aadi256|TURN THE TIMER OFF\n|\n|t:|1685545900\n|switch|p1a: Cinderace|Cinderace, L74, M|240/240\n|move|p2a: Gourgeist|Shadow Sneak|p1a: Cinderace\n|-damage|p1a: Cinderace|172/240\n|-damage|p2a: Gourgeist|196/246|[from] item: Life Orb\n|\n|upkeep\n|turn|20\n|inactive|Aadi256 has 25 seconds left this turn.\n|c|\u2606Habib_SSJ2|lmao no\n|inactive|Aadi256 has 20 seconds left.\n|inactive|Aadi256 has 15 seconds left.\n|c|\u2606Habib_SSJ2|u gotta play fast\n|\n|t:|1685545914\n|switch|p2a: Regirock|Regirock, L85|275/275\n|move|p1a: Cinderace|Bulk Up|p1a: Cinderace\n|-start|p1a: Cinderace|typechange|Fighting|[from] ability: Libero\n|-boost|p1a: Cinderace|atk|1\n|-boost|p1a: Cinderace|def|1\n|\n|upkeep\n|turn|21\n|inactive|Aadi256 has 25 seconds left this turn.\n|inactive|Aadi256 has 20 seconds left.\n|inactive|Aadi256 has 15 seconds left.\n|inactive|Aadi256 has 10 seconds left.\n|inactive|Aadi256 has 5 seconds left.\n|\n|t:|1685545939\n|switch|p2a: Flygon|Flygon, L80, F|156/259\n|move|p1a: Cinderace|High Jump Kick|p2a: Flygon\n|-damage|p2a: Flygon|0 fnt\n|faint|p2a: Flygon\n|\n|upkeep\n|inactive|Aadi256 has 10 seconds left this turn.\n|inactive|Aadi256 has 5 seconds left.\n|\n|t:|1685545945\n|switch|p2a: Gourgeist|Gourgeist, L84, M|196/246\n|-item|p1a: Cinderace|Heavy-Duty Boots|[from] ability: Frisk|[of] p2a: Gourgeist|[identify]\n|turn|22\n|inactive|Aadi256 has 15 seconds left this turn.\n|inactiveoff|Battle timer is now OFF.\n|\n|t:|1685545975\n|switch|p2a: Regirock|Regirock, L85|275/275\n|move|p1a: Cinderace|Sucker Punch||[still]\n|-fail|p1a: Cinderace\n|\n|upkeep\n|turn|23\n|\n|t:|1685545982\n|move|p1a: Cinderace|High Jump Kick|p2a: Regirock\n|-supereffective|p2a: Regirock\n|-damage|p2a: Regirock|105/275\n|move|p2a: Regirock|Rock Slide|p1a: Cinderace\n|-resisted|p1a: Cinderace\n|-damage|p1a: Cinderace|136/240\n|\n|upkeep\n|turn|24\n|c|\u2606Aadi256|bruh\n|c|\u2606Habib_SSJ2|libero\n|c|\u2606Aadi256|ik\n|c|\u2606Habib_SSJ2|play\n|\n|t:|1685546021\n|move|p1a: Cinderace|High Jump Kick|p2a: Regirock\n|-supereffective|p2a: Regirock\n|-damage|p2a: Regirock|0 fnt\n|faint|p2a: Regirock\n|\n|upkeep\n|\n|t:|1685546026\n|switch|p2a: Gourgeist|Gourgeist, L84, M|196/246\n|-item|p1a: Cinderace|Heavy-Duty Boots|[from] ability: Frisk|[of] p2a: Gourgeist|[identify]\n|turn|25\n|\n|t:|1685546035\n|move|p1a: Cinderace|Sucker Punch|p2a: Gourgeist\n|-start|p1a: Cinderace|typechange|Dark|[from] ability: Libero\n|-supereffective|p2a: Gourgeist\n|-damage|p2a: Gourgeist|38/246\n|move|p2a: Gourgeist|Poltergeist|p1a: Cinderace\n|-activate|p1a: Cinderace|move: Poltergeist|Heavy-Duty Boots\n|-resisted|p1a: Cinderace\n|-damage|p1a: Cinderace|81/240\n|-damage|p2a: Gourgeist|14/246|[from] item: Life Orb\n|\n|upkeep\n|turn|26\n|\n|t:|1685546045\n|move|p1a: Cinderace|Sucker Punch||[still]\n|-fail|p1a: Cinderace\n|move|p2a: Gourgeist|Synthesis|p2a: Gourgeist\n|-heal|p2a: Gourgeist|137/246\n|\n|upkeep\n|turn|27\n|\n|t:|1685546053\n|move|p1a: Cinderace|Sucker Punch||[still]\n|-fail|p1a: Cinderace\n|move|p2a: Gourgeist|Synthesis|p2a: Gourgeist\n|-heal|p2a: Gourgeist|246/246\n|\n|upkeep\n|turn|28\n|c|\u2606Aadi256|lmao\n|\n|t:|1685546059\n|move|p1a: Cinderace|Sucker Punch|p2a: Gourgeist\n|-supereffective|p2a: Gourgeist\n|-damage|p2a: Gourgeist|94/246\n|move|p2a: Gourgeist|Poltergeist|p1a: Cinderace\n|-activate|p1a: Cinderace|move: Poltergeist|Heavy-Duty Boots\n|-resisted|p1a: Cinderace\n|-damage|p1a: Cinderace|23/240\n|-damage|p2a: Gourgeist|70/246|[from] item: Life Orb\n|\n|upkeep\n|turn|29\n|c|\u2606Aadi256|beuh\n|\n|t:|1685546076\n|move|p1a: Cinderace|Bulk Up|p1a: Cinderace\n|-start|p1a: Cinderace|typechange|Fighting|[from] ability: Libero\n|-boost|p1a: Cinderace|atk|1\n|-boost|p1a: Cinderace|def|1\n|move|p2a: Gourgeist|Synthesis|p2a: Gourgeist\n|-heal|p2a: Gourgeist|193/246\n|\n|upkeep\n|turn|30\n|\n|t:|1685546087\n|move|p1a: Cinderace|Sucker Punch|p2a: Gourgeist\n|-start|p1a: Cinderace|typechange|Dark|[from] ability: Libero\n|-supereffective|p2a: Gourgeist\n|-damage|p2a: Gourgeist|0 fnt\n|faint|p2a: Gourgeist\n|\n|win|Habib_SSJ2\n|c|\u2606Habib_SSJ2|gg\n", "inputlog": ">version d94486096666f9f03053a01e17a1c7fdbd408dfa\n>start {\"formatid\":\"gen8randombattle\",\"seed\":[57806,51932,53479,15453]}\n>player p1 {\"name\":\"Habib_SSJ2\",\"avatar\":\"gambler\",\"rating\":0,\"seed\":[44518,19683,34071,39190]}\n>player p2 {\"name\":\"Aadi256\",\"avatar\":\"shadowtriad\",\"rating\":0,\"seed\":[33981,26639,64742,51622]}\n>chat \u2606Habib_SSJ2|whats with you and silvally\n>chat  Akshajm1234|Lmao a pincurchin\n>chat \u2606Aadi256|ikr\n>chat \u2606Habib_SSJ2|is that thing shiny?\n>chat  Akshajm1234|no\n>chat \u2606Habib_SSJ2|nvm\n>p1 move risingvoltage\n>p2 switch 5\n>chat  Akshajm1234|OOOOOOOOHHHHHHH\n>chat  Akshajm1234|THE PREDICT\n>chat \u2606Aadi256|EYY \n>chat  Akshajm1234|Aight imma head out\n>chat  Akshajm1234|gl\n>chat \u2606Aadi256|ty\n>chat \u2606Aadi256|bye\n>p1 switch 5\n>p2 move earthpower\n>chat \u2606Habib_SSJ2|man my team is kinda ass\n>p1 move energyball\n>p2 switch 3\n>chat \u2606Aadi256|sadge\n>p1 move toxic\n>p2 move firepunch\n>chat \u2606Habib_SSJ2|ok\n>chat \u2606Aadi256|ok\n>p1 switch 3\n>p1 move trick\n>p2 switch 3\n>p1 move expandingforce\n>p2 switch 4\n>p1 move expandingforce dynamax\n>p2 move psychic\n>chat \u2606Aadi256|BRUH\n>p1 move expandingforce dynamax\n>p2 move nastyplot dynamax\n>chat \u2606Habib_SSJ2|o..k??\n>p1 move expandingforce dynamax\n>p2 move focusblast dynamax\n>chat \u2606Aadi256|relax\n>chat \u2606Habib_SSJ2|that wasnt it chief\n>p2 switch 4\n>p1 move expandingforce\n>p2 move earthpower\n>chat \u2606Aadi256|im so stupid\n>p1 move expandingforce\n>p2 move earthpower\n>p1 switch 6\n>p1 move uturn\n>p2 move earthpower\n>p1 switch 5\n>chat \u2606Habib_SSJ2|ill win this on time if i have to\n>chat \u2606Aadi256|no\n>p2 switch 2\n>chat \u2606Habib_SSJ2|your team is just cracked wtf\n>p1 move scald\n>p2 switch 6\n>p1 move suckerpunch\n>p2 move powerwhip\n>p1 switch 4\n>p2 move synthesis\n>p1 move pyroball\n>p2 switch 5\n>p1 switch 5\n>p2 move icebeam\n>p1 move bulletseed\n>p2 move multiattack\n>p2 switch 5\n>chat \u2606Aadi256|TURN THE TIMER OFF\n>p1 switch 5\n>p2 move shadowsneak\n>chat \u2606Habib_SSJ2|lmao no\n>chat \u2606Habib_SSJ2|u gotta play fast\n>p1 move bulkup\n>p2 switch 6\n>p1 move highjumpkick\n>p2 switch 3\n>p2 switch 6\n>p1 move suckerpunch\n>p2 switch 3\n>p1 move highjumpkick\n>p2 move rockslide\n>chat \u2606Aadi256|bruh\n>chat \u2606Habib_SSJ2|libero\n>chat \u2606Aadi256|ik\n>chat \u2606Habib_SSJ2|play\n>p1 move highjumpkick\n>p2 move rest\n>p2 switch 3\n>p1 move suckerpunch\n>p2 move poltergeist\n>p1 move suckerpunch\n>p2 move synthesis\n>p1 move suckerpunch\n>p2 move synthesis\n>chat \u2606Aadi256|lmao\n>p1 move suckerpunch\n>p2 move poltergeist\n>chat \u2606Aadi256|beuh\n>p1 move bulkup\n>p2 move synthesis\n>p1 move suckerpunch\n>p2 move shadowsneak", "uploadtime": 1685546096, "views": 4, "p1id": "habibssj2", "p2id": "aadi256", "formatid": "gen8randombattle", "rating": 0, "private": 0, "password": ""}