{"id": "gen8randombattle-1865928553", "p1": "auduf", "p2": "Fernando Enri", "format": "[Gen 8] Random Battle", "log": "|j|\u2606auduf\n|j|\u2606Fernando Enri\n|t:|1684351158\n|gametype|singles\n|player|p1|auduf|dancer|1260\n|player|p2|Fernando Enri|lucas|1158\n|teamsize|p1|6\n|teamsize|p2|6\n|gen|8\n|tier|[Gen 8] Random Battle\n|rated|\n|rule|Species Clause: Limit one of each Pok\u00e9mon\n|rule|HP Percentage Mod: HP is shown in percentages\n|rule|Sleep Clause Mod: Limit one foe put to sleep\n|\n|t:|1684351158\n|start\n|switch|p1a: Wailord|Wailord, L90, F|452/452\n|switch|p2a: Guzzlord|Guzzlord, L84|512/512\n|turn|1\n|inactive|Battle timer is ON: inactive players will automatically lose when time's up. (requested by Fernando Enri)\n|\n|t:|1684351174\n|move|p1a: Wailord|Ice Beam|p2a: Guzzlord\n|-supereffective|p2a: Guzzlord\n|-damage|p2a: Guzzlord|322/512\n|move|p2a: Guzzlord|Sludge Bomb|p1a: Wailord\n|-damage|p1a: Wailord|362/452\n|-status|p1a: Wailord|psn\n|\n|-damage|p1a: Wailord|306/452 psn|[from] psn\n|upkeep\n|turn|2\n|\n|t:|1684351192\n|switch|p2a: Vaporeon|Vaporeon, L84, F|356/356\n|move|p1a: Wailord|Ice Beam|p2a: Vaporeon\n|-resisted|p2a: Vaporeon\n|-damage|p2a: Vaporeon|309/356\n|\n|-heal|p2a: Vaporeon|331/356|[from] item: Leftovers\n|-damage|p1a: Wailord|250/452 psn|[from] psn\n|upkeep\n|turn|3\n|\n|t:|1684351202\n|switch|p1a: Virizion|Virizion, L82|283/283\n|move|p2a: Vaporeon|Wish|p2a: Vaporeon\n|\n|-heal|p2a: Vaporeon|353/356|[from] item: Leftovers\n|upkeep\n|turn|4\n|\n|t:|1684351223\n|move|p1a: Virizion|Swords Dance|p1a: Virizion\n|-boost|p1a: Virizion|atk|2\n|move|p2a: Vaporeon|Ice Beam|p1a: Virizion\n|-supereffective|p1a: Virizion\n|-damage|p1a: Virizion|179/283\n|\n|-heal|p2a: Vaporeon|356/356|[from] move: Wish|[wisher] Vaporeon\n|upkeep\n|turn|5\n|\n|t:|1684351233\n|move|p1a: Virizion|Leaf Blade|p2a: Vaporeon\n|-supereffective|p2a: Vaporeon\n|-damage|p2a: Vaporeon|0 fnt\n|faint|p2a: Vaporeon\n|\n|upkeep\n|inactive|Fernando Enri has 120 seconds left.\n|\n|t:|1684351248\n|switch|p2a: Ho-Oh|Ho-Oh, L72|272/272\n|turn|6\n|\n|t:|1684351258\n|move|p1a: Virizion|Stone Edge|p2a: Ho-Oh\n|-supereffective|p2a: Ho-Oh\n|-damage|p2a: Ho-Oh|0 fnt\n|faint|p2a: Ho-Oh\n|\n|upkeep\n|\n|t:|1684351268\n|switch|p2a: Guzzlord|Guzzlord, L84|322/512\n|turn|7\n|\n|t:|1684351275\n|-start|p1a: Virizion|Dynamax|\n|-heal|p1a: Virizion|358/566|[silent]\n|move|p1a: Virizion|Max Knuckle|p2a: Guzzlord\n|-supereffective|p2a: Guzzlord\n|-damage|p2a: Guzzlord|0 fnt\n|-boost|p1a: Virizion|atk|1\n|faint|p2a: Guzzlord\n|\n|upkeep\n|\n|t:|1684351289\n|switch|p2a: Dedenne|Dedenne, L87, M|258/258\n|turn|8\n|\n|t:|1684351294\n|move|p2a: Dedenne|Protect|p2a: Dedenne\n|-singleturn|p2a: Dedenne|Protect\n|move|p1a: Virizion|Max Overgrowth|p2a: Dedenne\n|-zbroken|p2a: Dedenne\n|-damage|p2a: Dedenne|158/258\n|-fieldstart|move: Grassy Terrain\n|\n|-heal|p2a: Dedenne|174/258|[from] Grassy Terrain\n|-heal|p1a: Virizion|375/566|[from] Grassy Terrain\n|upkeep\n|turn|9\n|\n|t:|1684351308\n|move|p2a: Dedenne|Toxic|p1a: Virizion\n|-status|p1a: Virizion|tox\n|-enditem|p1a: Virizion|Lum Berry|[eat]\n|-curestatus|p1a: Virizion|tox|[msg]\n|move|p1a: Virizion|Max Overgrowth|p2a: Dedenne\n|-damage|p2a: Dedenne|0 fnt\n|faint|p2a: Dedenne\n|\n|-heal|p1a: Virizion|392/566|[from] Grassy Terrain\n|upkeep\n|\n|t:|1684351321\n|switch|p2a: Ribombee|Ribombee, L82, F|233/233\n|-end|p1a: Virizion|Dynamax\n|-heal|p1a: Virizion|196/283|[silent]\n|turn|10\n|\n|t:|1684351334\n|move|p2a: Ribombee|Stun Spore|p1a: Virizion\n|-immune|p1a: Virizion\n|move|p1a: Virizion|Stone Edge|p2a: Ribombee\n|-supereffective|p2a: Ribombee\n|-damage|p2a: Ribombee|0 fnt\n|faint|p2a: Ribombee\n|\n|-heal|p1a: Virizion|213/283|[from] Grassy Terrain\n|upkeep\n|-message|Fernando Enri forfeited.\n|\n|win|auduf\n|raw|auduf's rating: 1291 &rarr; <strong>1307</strong><br />(+16 for winning)\n|raw|Fernando Enri's rating: 1158 &rarr; <strong>1142</strong><br />(-16 for losing)\n|l|\u2606Fernando Enri\n", "inputlog": ">version 3f967b429d9dd76d8eb692efdd7dfe9038092d20\n>start {\"formatid\":\"gen8randombattle\",\"seed\":[58777,7278,60235,48896],\"rated\":\"Rated battle\"}\n>player p1 {\"name\":\"auduf\",\"avatar\":\"dancer\",\"rating\":1260,\"seed\":[53732,28719,12270,19898]}\n>player p2 {\"name\":\"Fernando Enri\",\"avatar\":\"lucas\",\"rating\":1158,\"seed\":[610,30435,32201,27452]}\n>p1 move icebeam\n>p2 move sludgebomb\n>p1 move icebeam\n>p2 switch 2\n>p1 switch 5\n>p2 move wish\n>p1 move swordsdance\n>p2 move icebeam\n>p1 move leafblade\n>p2 move wish\n>p2 switch 3\n>p1 move stoneedge\n>p2 move bravebird\n>p2 switch 2\n>p1 move closecombat dynamax\n>p2 move fireblast\n>p2 switch 5\n>p1 move leafblade dynamax\n>p2 move protect\n>p1 move leafblade dynamax\n>p2 move toxic\n>p2 switch 6\n>p1 move stoneedge\n>p2 move stunspore\n>forcelose p2", "uploadtime": 1684351344, "views": 4, "p1id": "auduf", "p2id": "fernandoenri", "formatid": "gen8randombattle", "rating": 1142, "private": 0, "password": ""}