{"id": "gen8randombattle-1872812990", "p1": "gareeb adani", "p2": "Patano", "format": "[Gen 8] Random Battle", "log": "|j|\u2606gareeb adani\n|j|\u2606Patano\n|t:|1685288012\n|gametype|singles\n|player|p1|gareeb adani|169|1461\n|player|p2|Patano|veteranf|1411\n|teamsize|p1|6\n|teamsize|p2|6\n|gen|8\n|tier|[Gen 8] Random Battle\n|rated|\n|rule|Species Clause: Limit one of each Pok\u00e9mon\n|rule|HP Percentage Mod: HP is shown in percentages\n|rule|Sleep Clause Mod: Limit one foe put to sleep\n|\n|t:|1685288012\n|start\n|switch|p1a: Chandelure|Chandelure, L82, F|233/233\n|switch|p2a: Hitmonchan|Hitmonchan, L86, M|226/226\n|turn|1\n|inactive|Battle timer is ON: inactive players will automatically lose when time's up. (requested by Patano)\n|\n|t:|1685288033\n|switch|p1a: Crobat|Crobat, L82, M|274/274\n|switch|p2a: Spiritomb|Spiritomb, L88, M|231/231\n|\n|upkeep\n|turn|2\n|\n|t:|1685288049\n|move|p1a: Crobat|Taunt|p2a: Spiritomb\n|-start|p2a: Spiritomb|move: Taunt\n|move|p2a: Spiritomb|Poltergeist|p1a: Crobat\n|-activate|p1a: Crobat|move: Poltergeist|Heavy-Duty Boots\n|-damage|p1a: Crobat|75/274\n|\n|upkeep\n|turn|3\n|\n|t:|1685288060\n|move|p1a: Crobat|Brave Bird|p2a: Spiritomb\n|-crit|p2a: Spiritomb\n|-damage|p2a: Spiritomb|90/231\n|-damage|p1a: Crobat|28/274|[from] Recoil\n|move|p2a: Spiritomb|Poltergeist|p1a: Crobat\n|-activate|p1a: Crobat|move: Poltergeist|Heavy-Duty Boots\n|-damage|p1a: Crobat|0 fnt\n|faint|p1a: Crobat\n|\n|upkeep\n|\n|t:|1685288072\n|switch|p1a: Chandelure|Chandelure, L82, F|233/233\n|turn|4\n|\n|t:|1685288089\n|switch|p2a: Palkia|Palkia, L74|255/255\n|-ability|p2a: Palkia|Pressure\n|move|p1a: Chandelure|Shadow Ball|p2a: Palkia\n|-damage|p2a: Palkia|147/255\n|-unboost|p2a: Palkia|spd|1\n|\n|upkeep\n|turn|5\n|\n|t:|1685288096\n|move|p1a: Chandelure|Shadow Ball|p2a: Palkia\n|-damage|p2a: Palkia|0 fnt\n|faint|p2a: Palkia\n|\n|upkeep\n|\n|t:|1685288107\n|switch|p2a: Tapu Fini|Tapu Fini, L78|237/237\n|-fieldstart|move: Misty Terrain|[from] ability: Misty Surge|[of] p2a: Tapu Fini\n|turn|6\n|\n|t:|1685288112\n|switch|p1a: Maractus|Maractus, L95, M|296/296\n|move|p2a: Tapu Fini|Calm Mind|p2a: Tapu Fini\n|-boost|p2a: Tapu Fini|spa|1\n|-boost|p2a: Tapu Fini|spd|1\n|\n|upkeep\n|turn|7\n|\n|t:|1685288120\n|move|p2a: Tapu Fini|Moonblast|p1a: Maractus\n|-damage|p1a: Maractus|157/296\n|move|p1a: Maractus|Leech Seed|p2a: Tapu Fini\n|-start|p2a: Tapu Fini|move: Leech Seed\n|\n|-heal|p1a: Maractus|175/296|[from] item: Leftovers\n|-damage|p2a: Tapu Fini|208/237|[from] Leech Seed|[of] p1a: Maractus\n|-heal|p1a: Maractus|204/296|[silent]\n|upkeep\n|turn|8\n|\n|t:|1685288128\n|switch|p2a: Hitmonchan|Hitmonchan, L86, M|226/226\n|move|p1a: Maractus|Spiky Shield||[still]\n|-fail|p1a: Maractus\n|\n|-heal|p1a: Maractus|222/296|[from] item: Leftovers\n|upkeep\n|turn|9\n|\n|t:|1685288134\n|move|p2a: Hitmonchan|Ice Punch|p1a: Maractus\n|-supereffective|p1a: Maractus\n|-damage|p1a: Maractus|80/296\n|move|p1a: Maractus|Energy Ball|p2a: Hitmonchan\n|-damage|p2a: Hitmonchan|154/226\n|\n|-heal|p1a: Maractus|98/296|[from] item: Leftovers\n|upkeep\n|turn|10\n|\n|t:|1685288153\n|switch|p2a: Comfey|Comfey, L86, M|228/228\n|switch|p1a: Chandelure|Chandelure, L82, F|233/233\n|\n|-fieldend|Misty Terrain\n|upkeep\n|turn|11\n|\n|t:|1685288166\n|switch|p2a: Tapu Fini|Tapu Fini, L78|208/237\n|-fieldstart|move: Misty Terrain|[from] ability: Misty Surge|[of] p2a: Tapu Fini\n|move|p1a: Chandelure|Shadow Ball|p2a: Tapu Fini\n|-damage|p2a: Tapu Fini|118/237\n|-unboost|p2a: Tapu Fini|spd|1\n|\n|-heal|p2a: Tapu Fini|132/237|[from] item: Leftovers\n|upkeep\n|turn|12\n|\n|t:|1685288188\n|move|p1a: Chandelure|Shadow Ball|p2a: Tapu Fini\n|-damage|p2a: Tapu Fini|0 fnt\n|faint|p2a: Tapu Fini\n|\n|upkeep\n|\n|t:|1685288196\n|switch|p2a: Spiritomb|Spiritomb, L88, M|90/231\n|turn|13\n|\n|t:|1685288205\n|switch|p1a: Maractus|Maractus, L95, M|98/296\n|move|p2a: Spiritomb|Shadow Sneak|p1a: Maractus\n|-damage|p1a: Maractus|29/296\n|\n|-heal|p1a: Maractus|47/296|[from] item: Leftovers\n|upkeep\n|turn|14\n|\n|t:|1685288213\n|switch|p2a: Hitmonchan|Hitmonchan, L86, M|154/226\n|move|p1a: Maractus|Spiky Shield||[still]\n|-fail|p1a: Maractus\n|\n|-heal|p1a: Maractus|65/296|[from] item: Leftovers\n|upkeep\n|turn|15\n|\n|t:|1685288221\n|move|p1a: Maractus|Spiky Shield|p1a: Maractus\n|-singleturn|p1a: Maractus|move: Protect\n|move|p2a: Hitmonchan|Ice Punch|p1a: Maractus\n|-activate|p1a: Maractus|move: Protect\n|-damage|p2a: Hitmonchan|126/226|[from] Spiky Shield|[of] p1a: Maractus\n|\n|-heal|p1a: Maractus|83/296|[from] item: Leftovers\n|-fieldend|Misty Terrain\n|upkeep\n|turn|16\n|\n|t:|1685288225\n|switch|p1a: Chandelure|Chandelure, L82, F|233/233\n|move|p2a: Hitmonchan|Ice Punch|p1a: Chandelure\n|-resisted|p1a: Chandelure\n|-damage|p1a: Chandelure|198/233\n|-status|p1a: Chandelure|frz\n|\n|upkeep\n|turn|17\n|\n|t:|1685288233\n|switch|p2a: Spiritomb|Spiritomb, L88, M|90/231\n|cant|p1a: Chandelure|frz\n|\n|upkeep\n|turn|18\n|\n|t:|1685288243\n|switch|p1a: Maractus|Maractus, L95, M|83/296\n|move|p2a: Spiritomb|Shadow Sneak|p1a: Maractus\n|-damage|p1a: Maractus|2/296\n|\n|-heal|p1a: Maractus|20/296|[from] item: Leftovers\n|upkeep\n|turn|19\n|\n|t:|1685288248\n|move|p2a: Spiritomb|Shadow Sneak|p1a: Maractus\n|-damage|p1a: Maractus|0 fnt\n|faint|p1a: Maractus\n|\n|upkeep\n|\n|t:|1685288258\n|switch|p1a: Hitmonlee|Hitmonlee, L84, M|221/221\n|turn|20\n|\n|t:|1685288263\n|switch|p2a: Comfey|Comfey, L86, M|228/228\n|move|p1a: Hitmonlee|Knock Off|p2a: Comfey\n|-resisted|p2a: Comfey\n|-damage|p2a: Comfey|172/228\n|-enditem|p2a: Comfey|Choice Specs|[from] move: Knock Off|[of] p1a: Hitmonlee\n|\n|upkeep\n|turn|21\n|\n|t:|1685288270\n|switch|p1a: Chandelure|Chandelure, L82, F|198/233 frz\n|move|p2a: Comfey|Draining Kiss|p1a: Chandelure\n|-resisted|p1a: Chandelure\n|-damage|p1a: Chandelure|173/233 frz\n|-heal|p2a: Comfey|191/228|[from] drain|[of] p1a: Chandelure\n|\n|upkeep\n|turn|22\n|\n|t:|1685288276\n|cant|p1a: Chandelure|frz\n|move|p2a: Comfey|U-turn|p1a: Chandelure\n|-resisted|p1a: Chandelure\n|-damage|p1a: Chandelure|165/233 frz\n|\n|t:|1685288283\n|switch|p2a: Spiritomb|Spiritomb, L88, M|90/231|[from] U-turn\n|\n|upkeep\n|turn|23\n|\n|t:|1685288304\n|switch|p1a: Corsola|Corsola-Galar, L84, M|238/238\n|move|p2a: Spiritomb|Shadow Sneak|p1a: Corsola\n|-supereffective|p1a: Corsola\n|-damage|p1a: Corsola|152/238\n|\n|upkeep\n|turn|24\n|\n|t:|1685288321\n|-start|p2a: Spiritomb|Dynamax|\n|-heal|p2a: Spiritomb|180/462|[silent]\n|move|p2a: Spiritomb|Max Phantasm|p1a: Corsola\n|-supereffective|p1a: Corsola\n|-damage|p1a: Corsola|0 fnt\n|faint|p1a: Corsola\n|\n|upkeep\n|\n|t:|1685288337\n|switch|p1a: Hitmonlee|Hitmonlee, L84, M|221/221\n|turn|25\n|\n|t:|1685288342\n|move|p1a: Hitmonlee|Knock Off|p2a: Spiritomb\n|-damage|p2a: Spiritomb|82/462\n|-enditem|p2a: Spiritomb|Choice Band|[from] move: Knock Off|[of] p1a: Hitmonlee\n|move|p2a: Spiritomb|Max Phantasm|p1a: Hitmonlee\n|-damage|p1a: Hitmonlee|0 fnt\n|faint|p1a: Hitmonlee\n|\n|upkeep\n|\n|t:|1685288347\n|switch|p1a: Victini|Victini, L78|283/283\n|turn|26\n|\n|t:|1685288356\n|-end|p2a: Spiritomb|Dynamax\n|-heal|p2a: Spiritomb|41/231|[silent]\n|switch|p2a: Hitmonchan|Hitmonchan, L86, M|126/226\n|-start|p1a: Victini|Dynamax|\n|-heal|p1a: Victini|566/566|[silent]\n|move|p1a: Victini|Max Flare|p2a: Hitmonchan\n|-damage|p2a: Hitmonchan|54/226\n|-weather|SunnyDay\n|\n|-weather|SunnyDay|[upkeep]\n|upkeep\n|turn|27\n|\n|t:|1685288362\n|move|p2a: Hitmonchan|Mach Punch|p1a: Victini\n|-resisted|p1a: Victini\n|-damage|p1a: Victini|539/566\n|move|p1a: Victini|Max Lightning|p2a: Hitmonchan\n|-damage|p2a: Hitmonchan|0 fnt\n|-fieldstart|move: Electric Terrain\n|faint|p2a: Hitmonchan\n|\n|-weather|SunnyDay|[upkeep]\n|upkeep\n|\n|t:|1685288383\n|switch|p2a: Comfey|Comfey, L86, M|191/228\n|turn|28\n|\n|t:|1685288396\n|move|p2a: Comfey|Giga Drain|p1a: Victini\n|-resisted|p1a: Victini\n|-damage|p1a: Victini|523/566\n|-heal|p2a: Comfey|199/228|[from] drain|[of] p1a: Victini\n|move|p1a: Victini|Max Flare|p2a: Comfey\n|-damage|p2a: Comfey|31/228\n|\n|-weather|SunnyDay|[upkeep]\n|upkeep\n|-end|p1a: Victini|Dynamax\n|-heal|p1a: Victini|262/283|[silent]\n|turn|29\n|\n|t:|1685288401\n|move|p2a: Comfey|Draining Kiss|p1a: Victini\n|-resisted|p1a: Victini\n|-damage|p1a: Victini|247/283\n|-heal|p2a: Comfey|42/228|[from] drain|[of] p1a: Victini\n|move|p1a: Victini|Bolt Strike|p2a: Comfey|[miss]\n|-miss|p1a: Victini|p2a: Comfey\n|\n|-weather|SunnyDay|[upkeep]\n|upkeep\n|turn|30\n|\n|t:|1685288406\n|move|p2a: Comfey|U-turn|p1a: Victini\n|-damage|p1a: Victini|214/283\n|\n|t:|1685288409\n|switch|p2a: Zeraora|Zeraora, L76|259/259|[from] U-turn\n|move|p1a: Victini|Blue Flare|p2a: Zeraora\n|-damage|p2a: Zeraora|51/259\n|\n|-weather|none\n|upkeep\n|turn|31\n|\n|t:|1685288414\n|move|p2a: Zeraora|Plasma Fists|p1a: Victini\n|-damage|p1a: Victini|58/283\n|-fieldactivate|move: Ion Deluge\n|-hint|Normal-type moves become Electric-type after using Plasma Fists.\n|-damage|p2a: Zeraora|26/259|[from] item: Life Orb\n|move|p1a: Victini|Blue Flare|p2a: Zeraora\n|-damage|p2a: Zeraora|0 fnt\n|faint|p2a: Zeraora\n|\n|-fieldend|move: Electric Terrain\n|upkeep\n|\n|t:|1685288418\n|switch|p2a: Spiritomb|Spiritomb, L88, M|41/231\n|turn|32\n|\n|t:|1685288423\n|move|p2a: Spiritomb|Shadow Sneak|p1a: Victini\n|-supereffective|p1a: Victini\n|-damage|p1a: Victini|0 fnt\n|faint|p1a: Victini\n|\n|upkeep\n|\n|t:|1685288425\n|switch|p1a: Chandelure|Chandelure, L82, F|165/233 frz\n|turn|33\n|\n|t:|1685288429\n|move|p2a: Spiritomb|Shadow Sneak|p1a: Chandelure\n|-supereffective|p1a: Chandelure\n|-damage|p1a: Chandelure|79/233 frz\n|-curestatus|p1a: Chandelure|frz|[msg]\n|move|p1a: Chandelure|Shadow Ball|p2a: Spiritomb\n|-damage|p2a: Spiritomb|0 fnt\n|faint|p2a: Spiritomb\n|\n|upkeep\n|\n|t:|1685288438\n|switch|p2a: Comfey|Comfey, L86, M|42/228\n|turn|34\n|c|\u2606Patano|gg\n|\n|t:|1685288447\n|move|p2a: Comfey|Draining Kiss|p1a: Chandelure\n|-resisted|p1a: Chandelure\n|-damage|p1a: Chandelure|52/233\n|-heal|p2a: Comfey|62/228|[from] drain|[of] p1a: Chandelure\n|move|p1a: Chandelure|Shadow Ball|p2a: Comfey\n|-damage|p2a: Comfey|0 fnt\n|faint|p2a: Comfey\n|\n|win|gareeb adani\n|raw|gareeb adani's rating: 1439 &rarr; <strong>1457</strong><br />(+18 for winning)\n|raw|Patano's rating: 1411 &rarr; <strong>1393</strong><br />(-18 for losing)\n", "inputlog": ">version d74822bbc74c095aa312053f7034baee3068d99e\n>start {\"formatid\":\"gen8randombattle\",\"seed\":[6373,28000,1528,11342],\"rated\":\"Rated battle\"}\n>player p1 {\"name\":\"gareeb adani\",\"avatar\":\"169\",\"rating\":1461,\"seed\":[47418,35041,58271,1674]}\n>player p2 {\"name\":\"Patano\",\"avatar\":\"veteranf\",\"rating\":1411,\"seed\":[57679,35216,41956,46038]}\n>p1 switch 3\n>p2 switch 3\n>p1 move taunt\n>p2 move poltergeist\n>p1 move bravebird\n>p2 move poltergeist\n>p1 switch 3\n>p1 move shadowball\n>p2 switch 4\n>p1 move shadowball\n>p2 move thunderwave\n>p2 switch 5\n>p1 switch 2\n>p2 move calmmind\n>p1 move leechseed\n>p2 move moonblast\n>p1 move spikyshield\n>p2 switch 3\n>p1 move energyball\n>p2 move icepunch\n>p1 switch 2\n>p2 switch 2\n>p1 move shadowball\n>p2 switch 3\n>p1 move shadowball\n>p2 move surf\n>p2 switch 4\n>p1 switch 2\n>p2 move shadowsneak\n>p1 move spikyshield\n>p2 switch 2\n>p1 move spikyshield\n>p2 move icepunch\n>p1 switch 2\n>p2 move icepunch\n>p1 move fireblast\n>p2 switch 2\n>p1 switch 2\n>p2 move shadowsneak\n>p1 move energyball\n>p2 move shadowsneak\n>p1 switch 6\n>p1 move knockoff\n>p2 switch 3\n>p1 switch 2\n>p2 move drainingkiss\n>p1 move fireblast\n>p2 move uturn\n>p2 switch 3\n>p1 switch 5\n>p2 move shadowsneak\n>p1 move willowisp\n>p2 move poltergeist dynamax\n>p1 switch 2\n>p1 move knockoff\n>p2 move poltergeist dynamax\n>p1 switch 4\n>p1 move blueflare dynamax\n>p2 switch 2\n>p1 move boltstrike dynamax\n>p2 move machpunch\n>p2 switch 3\n>p1 move blueflare dynamax\n>p2 move gigadrain\n>p1 move boltstrike\n>p2 move drainingkiss\n>p1 move blueflare\n>p2 move uturn\n>p2 switch 6\n>p1 move blueflare\n>p2 move plasmafists\n>p2 switch 2\n>p1 move blueflare\n>p2 move shadowsneak\n>p1 switch 5\n>p1 move shadowball\n>p2 move shadowsneak\n>p2 switch 6\n>chat \u2606Patano|gg \n>p1 move shadowball\n>p2 move drainingkiss", "uploadtime": 1685288449, "views": 2, "p1id": "gareebadani", "p2id": "patano", "formatid": "gen8randombattle", "rating": 1393, "private": 0, "password": ""}