|j|‽lisavittozzi
|j|☆Sparna_of_Yomi
|t:|1684343978
|gametype|singles
|player|p1|lisavittozzi|1|1492
|player|p2|Sparna_of_Yomi|blackbelt|1484
|teamsize|p1|6
|teamsize|p2|6
|gen|8
|tier|[Gen 8] Random Battle
|rated|
|rule|Species Clause: Limit one of each Pokémon
|rule|HP Percentage Mod: HP is shown in percentages
|rule|Sleep Clause Mod: Limit one foe put to sleep
|
|t:|1684343978
|start
|switch|p1a: Polteageist|Polteageist, L78|222/222
|switch|p2a: Ditto|Ditto, L76|198/198
|-transform|p2a: Ditto|p1a: Polteageist|[from] ability: Imposter
|turn|1
|inactive|Battle timer is ON: inactive players will automatically lose when time's up. (requested by Sparna_of_Yomi)
|
|t:|1684344018
|switch|p2a: Dragalge|Dragalge, L86, F|252/252
|switch|p1a: Pyukumuku|Pyukumuku, L84, M|230/230
|
|upkeep
|turn|2
|
|t:|1684344043
|switch|p1a: Mudsdale|Mudsdale, L82, F|298/298
|move|p2a: Dragalge|Sludge Wave|p1a: Mudsdale
|-resisted|p1a: Mudsdale
|-damage|p1a: Mudsdale|193/298
|-ability|p1a: Mudsdale|Stamina|boost
|-boost|p1a: Mudsdale|def|1
|
|-heal|p1a: Mudsdale|211/298|[from] item: Leftovers
|upkeep
|turn|3
|
|t:|1684344055
|switch|p2a: Kingler|Kingler, L84, F|230/230
|move|p1a: Mudsdale|Earthquake|p2a: Kingler
|-damage|p2a: Kingler|137/230
|
|-heal|p1a: Mudsdale|229/298|[from] item: Leftovers
|upkeep
|turn|4
|
|t:|1684344069
|move|p2a: Kingler|Liquidation|p1a: Mudsdale
|-supereffective|p1a: Mudsdale
|-damage|p1a: Mudsdale|0 fnt
|faint|p1a: Mudsdale
|
|upkeep
|
|t:|1684344081
|switch|p1a: Pyukumuku|Pyukumuku, L84, M|230/230
|turn|5
|
|t:|1684344089
|move|p2a: Kingler|Superpower|p1a: Pyukumuku
|-damage|p1a: Pyukumuku|134/230
|-unboost|p2a: Kingler|atk|1
|-unboost|p2a: Kingler|def|1
|-damage|p2a: Kingler|114/230|[from] item: Life Orb
|move|p1a: Pyukumuku|Toxic|p2a: Kingler
|-status|p2a: Kingler|tox
|
|-heal|p1a: Pyukumuku|148/230|[from] item: Leftovers
|-damage|p2a: Kingler|100/230 tox|[from] psn
|upkeep
|turn|6
|
|t:|1684344101
|move|p2a: Kingler|Superpower|p1a: Pyukumuku
|-damage|p1a: Pyukumuku|45/230
|-unboost|p2a: Kingler|atk|1
|-unboost|p2a: Kingler|def|1
|-damage|p2a: Kingler|77/230 tox|[from] item: Life Orb
|move|p1a: Pyukumuku|Toxic|p2a: Kingler
|-fail|p2a: Kingler|tox
|
|-heal|p1a: Pyukumuku|59/230|[from] item: Leftovers
|-damage|p2a: Kingler|49/230 tox|[from] psn
|upkeep
|turn|7
|
|t:|1684344122
|move|p2a: Kingler|Liquidation|p1a: Pyukumuku
|-resisted|p1a: Pyukumuku
|-damage|p1a: Pyukumuku|0 fnt
|faint|p1a: Pyukumuku
|
|-damage|p2a: Kingler|7/230 tox|[from] psn
|upkeep
|inactive|lisavittozzi has 120 seconds left.
|
|t:|1684344142
|switch|p1a: Pangoro|Pangoro, L84, F|297/297
|turn|8
|
|t:|1684344148
|switch|p1a: Polteageist|Polteageist, L78|222/222
|move|p2a: Kingler|Liquidation|p1a: Polteageist
|-damage|p1a: Polteageist|101/222
|
|-damage|p2a: Kingler|0 fnt|[from] psn
|faint|p2a: Kingler
|upkeep
|
|t:|1684344161
|switch|p2a: Victini|Victini, L78|283/283
|turn|9
|
|t:|1684344169
|move|p2a: Victini|V-create|p1a: Polteageist
|-damage|p1a: Polteageist|0 fnt
|-unboost|p2a: Victini|spe|1
|-unboost|p2a: Victini|def|1
|-unboost|p2a: Victini|spd|1
|-start|p2a: Victini|Disable|V-create|[from] ability: Cursed Body|[of] p1a: Polteageist
|faint|p1a: Polteageist
|
|upkeep
|
|t:|1684344180
|switch|p1a: Tapu Bulu|Tapu Bulu, L82|249/249
|-fieldstart|move: Grassy Terrain|[from] ability: Grassy Surge|[of] p1a: Tapu Bulu
|turn|10
|
|t:|1684344191
|switch|p2a: Dragalge|Dragalge, L86, F|252/252
|move|p1a: Tapu Bulu|Swords Dance|p1a: Tapu Bulu
|-boost|p1a: Tapu Bulu|atk|2
|
|upkeep
|turn|11
|
|t:|1684344202
|switch|p1a: Stonjourner|Stonjourner, L88, M|319/319
|move|p2a: Dragalge|Sludge Wave|p1a: Stonjourner
|-resisted|p1a: Stonjourner
|-damage|p1a: Stonjourner|78/319
|
|-heal|p1a: Stonjourner|97/319|[from] Grassy Terrain
|upkeep
|turn|12
|
|t:|1684344211
|switch|p2a: Heracross|Heracross, L82, M|265/265
|move|p1a: Stonjourner|Earthquake|p2a: Heracross
|-resisted|p2a: Heracross
|-damage|p2a: Heracross|231/265
|-damage|p1a: Stonjourner|66/319|[from] item: Life Orb
|
|-heal|p2a: Heracross|247/265|[from] Grassy Terrain
|-heal|p1a: Stonjourner|85/319|[from] Grassy Terrain
|-status|p2a: Heracross|brn|[from] item: Flame Orb
|upkeep
|turn|13
|
|t:|1684344228
|move|p2a: Heracross|Knock Off|p1a: Stonjourner
|-damage|p1a: Stonjourner|7/319
|-enditem|p1a: Stonjourner|Life Orb|[from] move: Knock Off|[of] p2a: Heracross
|move|p1a: Stonjourner|Heat Crash|p2a: Heracross
|-supereffective|p2a: Heracross
|-damage|p2a: Heracross|0 fnt
|faint|p2a: Heracross
|
|-heal|p1a: Stonjourner|26/319|[from] Grassy Terrain
|upkeep
|
|t:|1684344241
|switch|p2a: Victini|Victini, L78|283/283
|turn|14
|
|t:|1684344248
|move|p2a: Victini|Energy Ball|p1a: Stonjourner
|-supereffective|p1a: Stonjourner
|-damage|p1a: Stonjourner|0 fnt
|faint|p1a: Stonjourner
|
|-fieldend|move: Grassy Terrain
|upkeep
|
|t:|1684344254
|switch|p1a: Pangoro|Pangoro, L84, F|297/297
|turn|15
|
|t:|1684344260
|move|p2a: Victini|U-turn|p1a: Pangoro
|-damage|p1a: Pangoro|251/297
|
|t:|1684344263
|switch|p2a: Ditto|Ditto, L76|198/198|[from] U-turn
|-transform|p2a: Ditto|p1a: Pangoro|[from] ability: Imposter
|move|p1a: Pangoro|Knock Off|p2a: Ditto
|-resisted|p2a: Ditto
|-damage|p2a: Ditto|147/198
|-enditem|p2a: Ditto|Choice Scarf|[from] move: Knock Off|[of] p1a: Pangoro
|
|upkeep
|turn|16
|
|t:|1684344273
|-start|p1a: Pangoro|Dynamax|
|-heal|p1a: Pangoro|502/594|[silent]
|move|p1a: Pangoro|Max Knuckle|p2a: Ditto
|-supereffective|p2a: Ditto
|-damage|p2a: Ditto|0 fnt
|-boost|p1a: Pangoro|atk|1
|faint|p2a: Ditto
|
|upkeep
|
|t:|1684344285
|switch|p2a: Dragalge|Dragalge, L86, F|252/252
|turn|17
|
|t:|1684344289
|-start|p2a: Dragalge|Dynamax|
|-heal|p2a: Dragalge|504/504|[silent]
|move|p1a: Pangoro|Max Hailstorm|p2a: Dragalge
|-supereffective|p2a: Dragalge
|-damage|p2a: Dragalge|210/504
|-weather|Hail
|move|p2a: Dragalge|Max Wyrmwind|p1a: Pangoro
|-damage|p1a: Pangoro|246/594
|-unboost|p1a: Pangoro|atk|1
|
|-weather|Hail|[upkeep]
|-damage|p1a: Pangoro|228/594|[from] Hail
|-damage|p2a: Dragalge|195/504|[from] Hail
|upkeep
|turn|18
|
|t:|1684344302
|move|p1a: Pangoro|Max Hailstorm|p2a: Dragalge
|-supereffective|p2a: Dragalge
|-damage|p2a: Dragalge|0 fnt
|faint|p2a: Dragalge
|
|-weather|Hail|[upkeep]
|-damage|p1a: Pangoro|210/594|[from] Hail
|upkeep
|
|t:|1684344309
|switch|p2a: Victini|Victini, L78|283/283
|-end|p1a: Pangoro|Dynamax
|-heal|p1a: Pangoro|105/297|[silent]
|turn|19
|
|t:|1684344314
|move|p2a: Victini|V-create|p1a: Pangoro
|-damage|p1a: Pangoro|0 fnt
|-unboost|p2a: Victini|spe|1
|-unboost|p2a: Victini|def|1
|-unboost|p2a: Victini|spd|1
|faint|p1a: Pangoro
|
|-weather|Hail|[upkeep]
|-damage|p2a: Victini|266/283|[from] Hail
|upkeep
|
|t:|1684344323
|switch|p1a: Tapu Bulu|Tapu Bulu, L82|249/249
|-fieldstart|move: Grassy Terrain|[from] ability: Grassy Surge|[of] p1a: Tapu Bulu
|turn|20
|
|t:|1684344328
|move|p1a: Tapu Bulu|Swords Dance|p1a: Tapu Bulu
|-boost|p1a: Tapu Bulu|atk|2
|move|p2a: Victini|V-create|p1a: Tapu Bulu
|-supereffective|p1a: Tapu Bulu
|-damage|p1a: Tapu Bulu|0 fnt
|-unboost|p2a: Victini|spe|1
|-unboost|p2a: Victini|def|1
|-unboost|p2a: Victini|spd|1
|faint|p1a: Tapu Bulu
|
|win|Sparna_of_Yomi
|raw|lisavittozzi's rating: 1492 &rarr; <strong>1472</strong><br />(-20 for losing)
|raw|Sparna_of_Yomi's rating: 1484 &rarr; <strong>1504</strong><br />(+20 for winning)
|c|☆Sparna_of_Yomi|gg
