{"id": "gen8randombattle-1711084591", "p1": "pmawarrior", "p2": "Khoa Alex 45", "format": "[Gen 8] Random Battle", "log": "|j|\u2606pmawarrior\n|j|\u2606Khoa Alex 45\n|t:|1668475134\n|gametype|singles\n|player|p1|pmawarrior|169|2478\n|player|p2|Khoa Alex 45|102|2390\n|teamsize|p1|6\n|teamsize|p2|6\n|gen|8\n|tier|[Gen 8] Random Battle\n|rated|\n|rule|Species Clause: Limit one of each Pok\u00e9mon\n|rule|HP Percentage Mod: HP is shown in percentages\n|rule|Sleep Clause Mod: Limit one foe put to sleep\n|\n|t:|1668475134\n|start\n|switch|p1a: Excadrill|Excadrill, L78, M|300/300\n|switch|p2a: Absol|Absol, L84, M|246/246\n|turn|1\n|\n|t:|1668475168\n|switch|p1a: Tapu Fini|Tapu Fini, L78|237/237\n|-fieldstart|move: Misty Terrain|[from] ability: Misty Surge|[of] p1a: Tapu Fini\n|move|p2a: Absol|Close Combat|p1a: Tapu Fini\n|-resisted|p1a: Tapu Fini\n|-damage|p1a: Tapu Fini|168/237\n|-unboost|p2a: Absol|def|1\n|-unboost|p2a: Absol|spd|1\n|\n|-heal|p1a: Tapu Fini|182/237|[from] item: Leftovers\n|upkeep\n|turn|2\n|\n|t:|1668475176\n|switch|p2a: Snorlax|Snorlax, L82, F|397/397\n|move|p1a: Tapu Fini|Moonblast|p2a: Snorlax\n|-damage|p2a: Snorlax|327/397\n|\n|-heal|p1a: Tapu Fini|196/237|[from] item: Leftovers\n|upkeep\n|turn|3\n|\n|t:|1668475197\n|switch|p2a: Runerigus|Runerigus, L84, F|235/235\n|move|p1a: Tapu Fini|Taunt|p2a: Runerigus\n|-start|p2a: Runerigus|move: Taunt\n|\n|-heal|p1a: Tapu Fini|210/237|[from] item: Leftovers\n|upkeep\n|turn|4\n|\n|t:|1668475204\n|switch|p2a: Snorlax|Snorlax, L82, F|327/397\n|move|p1a: Tapu Fini|Surf|p2a: Snorlax\n|-damage|p2a: Snorlax|257/397\n|\n|-heal|p1a: Tapu Fini|224/237|[from] item: Leftovers\n|upkeep\n|turn|5\n|\n|t:|1668475210\n|switch|p1a: Excadrill|Excadrill, L78, M|300/300\n|switch|p2a: Runerigus|Runerigus, L84, F|235/235\n|\n|-fieldend|Misty Terrain\n|upkeep\n|turn|6\n|\n|t:|1668475216\n|switch|p1a: Delibird|Delibird, M|252/252\n|move|p2a: Runerigus|Toxic Spikes|p1a: Delibird\n|-sidestart|p1: pmawarrior|move: Toxic Spikes\n|\n|upkeep\n|turn|7\n|\n|t:|1668475224\n|switch|p2a: Durant|Durant, L78, M|219/219\n|move|p1a: Delibird|Freeze-Dry|p2a: Durant\n|-resisted|p2a: Durant\n|-damage|p2a: Durant|153/219\n|\n|upkeep\n|turn|8\n|\n|t:|1668475247\n|move|p2a: Durant|Iron Head|p1a: Delibird\n|-supereffective|p1a: Delibird\n|-crit|p1a: Delibird\n|-damage|p1a: Delibird|0 fnt\n|faint|p1a: Delibird\n|\n|upkeep\n|\n|t:|1668475260\n|switch|p1a: Excadrill|Excadrill, L78, M|300/300\n|turn|9\n|\n|t:|1668475268\n|switch|p2a: Runerigus|Runerigus, L84, F|235/235\n|move|p1a: Excadrill|Earthquake|p2a: Runerigus\n|-damage|p2a: Runerigus|126/235\n|-damage|p1a: Excadrill|270/300|[from] item: Life Orb\n|\n|-heal|p2a: Runerigus|140/235|[from] item: Leftovers\n|upkeep\n|turn|10\n|\n|t:|1668475276\n|switch|p1a: Tapu Fini|Tapu Fini, L78|224/237\n|-status|p1a: Tapu Fini|psn\n|-fieldstart|move: Misty Terrain|[from] ability: Misty Surge|[of] p1a: Tapu Fini\n|move|p2a: Runerigus|Stealth Rock|p1a: Tapu Fini\n|-sidestart|p1: pmawarrior|move: Stealth Rock\n|\n|-heal|p1a: Tapu Fini|237/237 psn|[from] item: Leftovers\n|-heal|p2a: Runerigus|154/235|[from] item: Leftovers\n|-damage|p1a: Tapu Fini|208/237 psn|[from] psn\n|upkeep\n|turn|11\n|\n|t:|1668475283\n|switch|p2a: Snorlax|Snorlax, L82, F|257/397\n|move|p1a: Tapu Fini|Defog|p2a: Snorlax\n|-unboost|p2a: Snorlax|evasion|1\n|-sideend|p1: pmawarrior|Toxic Spikes|[from] move: Defog|[of] p1a: Tapu Fini\n|-sideend|p1: pmawarrior|Stealth Rock|[from] move: Defog|[of] p1a: Tapu Fini\n|-fieldend|Misty Terrain\n|\n|-heal|p1a: Tapu Fini|222/237 psn|[from] item: Leftovers\n|-damage|p1a: Tapu Fini|193/237 psn|[from] psn\n|upkeep\n|turn|12\n|j| ksvdjbod\n|\n|t:|1668475292\n|move|p1a: Tapu Fini|Moonblast|p2a: Snorlax\n|-damage|p2a: Snorlax|184/397\n|-unboost|p2a: Snorlax|spa|1\n|move|p2a: Snorlax|Double-Edge|p1a: Tapu Fini\n|-damage|p1a: Tapu Fini|30/237 psn\n|-damage|p2a: Snorlax|130/397|[from] Recoil\n|\n|-heal|p1a: Tapu Fini|44/237 psn|[from] item: Leftovers\n|-damage|p1a: Tapu Fini|15/237 psn|[from] psn\n|upkeep\n|turn|13\n|\n|t:|1668475303\n|move|p1a: Tapu Fini|Surf|p2a: Snorlax\n|-damage|p2a: Snorlax|55/397\n|move|p2a: Snorlax|Double-Edge|p1a: Tapu Fini\n|-damage|p1a: Tapu Fini|0 fnt\n|faint|p1a: Tapu Fini\n|-damage|p2a: Snorlax|50/397|[from] Recoil\n|\n|upkeep\n|\n|t:|1668475316\n|switch|p1a: Excadrill|Excadrill, L78, M|270/300\n|turn|14\n|\n|t:|1668475321\n|move|p1a: Excadrill|Swords Dance|p1a: Excadrill\n|-boost|p1a: Excadrill|atk|2\n|move|p2a: Snorlax|Double-Edge|p1a: Excadrill\n|-resisted|p1a: Excadrill\n|-damage|p1a: Excadrill|135/300\n|-damage|p2a: Snorlax|5/397|[from] Recoil\n|\n|upkeep\n|turn|15\n|\n|t:|1668475334\n|move|p1a: Excadrill|Earthquake|p2a: Snorlax\n|-damage|p2a: Snorlax|0 fnt\n|faint|p2a: Snorlax\n|-damage|p1a: Excadrill|105/300|[from] item: Life Orb\n|\n|upkeep\n|\n|t:|1668475336\n|switch|p2a: Darmanitan|Darmanitan, L80, M|299/299\n|turn|16\n|inactive|Battle timer is ON: inactive players will automatically lose when time's up. (requested by Khoa Alex 45)\n|\n|t:|1668475347\n|move|p2a: Darmanitan|Flare Blitz|p1a: Excadrill\n|-supereffective|p1a: Excadrill\n|-damage|p1a: Excadrill|0 fnt\n|faint|p1a: Excadrill\n|-damage|p2a: Darmanitan|264/299|[from] Recoil\n|\n|upkeep\n|\n|t:|1668475353\n|switch|p1a: Persian|Persian, L88, M|258/258\n|turn|17\n|\n|t:|1668475360\n|switch|p2a: Aromatisse|Aromatisse, L88, M|321/321\n|move|p1a: Persian|Knock Off|p2a: Aromatisse\n|-resisted|p2a: Aromatisse\n|-crit|p2a: Aromatisse\n|-damage|p2a: Aromatisse|241/321\n|-enditem|p2a: Aromatisse|Leftovers|[from] move: Knock Off|[of] p1a: Persian\n|\n|upkeep\n|turn|18\n|\n|t:|1668475380\n|switch|p1a: Scyther|Scyther, L81, F|246/246\n|move|p2a: Aromatisse|Wish|p2a: Aromatisse\n|\n|upkeep\n|turn|19\n|\n|t:|1668475386\n|switch|p1a: Persian|Persian, L88, M|258/258\n|move|p2a: Aromatisse|Toxic|p1a: Persian\n|-status|p1a: Persian|tox\n|\n|-heal|p2a: Aromatisse|321/321|[from] move: Wish|[wisher] Aromatisse\n|-damage|p1a: Persian|242/258 tox|[from] psn\n|upkeep\n|turn|20\n|\n|t:|1668475394\n|move|p2a: Aromatisse|Protect|p2a: Aromatisse\n|-singleturn|p2a: Aromatisse|Protect\n|move|p1a: Persian|Double-Edge|p2a: Aromatisse\n|-activate|p2a: Aromatisse|move: Protect\n|\n|-damage|p1a: Persian|210/258 tox|[from] psn\n|upkeep\n|turn|21\n|\n|t:|1668475398\n|move|p1a: Persian|Double-Edge|p2a: Aromatisse\n|-damage|p2a: Aromatisse|141/321\n|-damage|p1a: Persian|151/258 tox|[from] Recoil\n|move|p2a: Aromatisse|Wish|p2a: Aromatisse\n|\n|-damage|p1a: Persian|103/258 tox|[from] psn\n|upkeep\n|turn|22\n|\n|t:|1668475409\n|move|p2a: Aromatisse|Protect|p2a: Aromatisse\n|-singleturn|p2a: Aromatisse|Protect\n|move|p1a: Persian|Double-Edge|p2a: Aromatisse\n|-activate|p2a: Aromatisse|move: Protect\n|\n|-heal|p2a: Aromatisse|301/321|[from] move: Wish|[wisher] Aromatisse\n|-damage|p1a: Persian|39/258 tox|[from] psn\n|upkeep\n|turn|23\n|\n|t:|1668475414\n|switch|p2a: Runerigus|Runerigus, L84, F|154/235\n|move|p1a: Persian|Double-Edge|p2a: Runerigus\n|-immune|p2a: Runerigus\n|\n|-heal|p2a: Runerigus|168/235|[from] item: Leftovers\n|-damage|p1a: Persian|0 fnt|[from] psn\n|faint|p1a: Persian\n|upkeep\n|\n|t:|1668475423\n|switch|p1a: Slurpuff|Slurpuff, L80, M|262/262\n|turn|24\n|\n|t:|1668475432\n|move|p1a: Slurpuff|Belly Drum|p1a: Slurpuff\n|-damage|p1a: Slurpuff|131/262\n|-setboost|p1a: Slurpuff|atk|6|[from] move: Belly Drum\n|-enditem|p1a: Slurpuff|Sitrus Berry|[eat]\n|-heal|p1a: Slurpuff|196/262|[from] item: Sitrus Berry\n|move|p2a: Runerigus|Earthquake|p1a: Slurpuff\n|-damage|p1a: Slurpuff|76/262\n|\n|-heal|p2a: Runerigus|182/235|[from] item: Leftovers\n|upkeep\n|turn|25\n|\n|t:|1668475442\n|move|p1a: Slurpuff|Play Rough|p2a: Runerigus\n|-damage|p2a: Runerigus|0 fnt\n|-activate|p2a: Runerigus|ability: Wandering Spirit|Unburden|Wandering Spirit|[of] p1a: Slurpuff\n|faint|p2a: Runerigus\n|\n|upkeep\n|inactive|Khoa Alex 45 has 120 seconds left.\n|\n|t:|1668475499\n|switch|p2a: Durant|Durant, L78, M|153/219\n|turn|26\n|\n|t:|1668475506\n|-start|p2a: Durant|Dynamax|\n|-heal|p2a: Durant|306/438|[silent]\n|move|p2a: Durant|Max Steelspike|p1a: Slurpuff\n|-supereffective|p1a: Slurpuff\n|-damage|p1a: Slurpuff|0 fnt\n|-boost|p2a: Durant|def|1\n|faint|p1a: Slurpuff\n|\n|upkeep\n|\n|t:|1668475525\n|switch|p1a: Scyther|Scyther, L81, F|246/246\n|turn|27\n|\n|t:|1668475536\n|-start|p1a: Scyther|Dynamax|\n|-heal|p1a: Scyther|492/492|[silent]\n|move|p1a: Scyther|Max Knuckle|p2a: Durant\n|-damage|p2a: Durant|267/438\n|-boost|p1a: Scyther|atk|1\n|move|p2a: Durant|Max Rockfall|p1a: Scyther\n|-supereffective|p1a: Scyther\n|-damage|p1a: Scyther|0 fnt\n|-weather|Sandstorm\n|faint|p1a: Scyther\n|\n|win|Khoa Alex 45\n|raw|pmawarrior's rating: 2478 &rarr; <strong>2453</strong><br />(-25 for losing)\n|raw|Khoa Alex 45's rating: 2390 &rarr; <strong>2415</strong><br />(+25 for winning)\n|l|\u2606pmawarrior\n|l|\u2606Khoa Alex 45\n|l| ksvdjbod\n||Ladder isn't responding, score probably updated but might not have (Request timeout).\n", "inputlog": ">version 453a3ad56483cc6a5c08448f6577d394b68621b7\n>start {\"formatid\":\"gen8randombattle\",\"seed\":[57857,44448,42682,49748],\"rated\":\"Rated battle\"}\n>player p1 {\"name\":\"pmawarrior\",\"avatar\":\"169\",\"rating\":2478,\"seed\":[22467,14025,583,28025]}\n>player p2 {\"name\":\"Khoa Alex 45\",\"avatar\":\"102\",\"rating\":2390,\"seed\":[31206,6574,63943,42106]}\n>p1 switch 3\n>p2 move closecombat\n>p1 move moonblast\n>p2 switch 3\n>p1 move taunt\n>p2 switch 2\n>p1 move surf\n>p2 switch 2\n>p1 switch 3\n>p2 switch 2\n>p1 switch 4\n>p2 move toxicspikes\n>p1 move freezedry\n>p2 switch 6\n>p1 move rapidspin\n>p2 move ironhead\n>p1 switch 4\n>p1 move earthquake\n>p2 switch 6\n>p1 switch 3\n>p2 move stealthrock\n>p1 move defog\n>p2 switch 2\n>p1 move moonblast\n>p2 move doubleedge\n>p1 move surf\n>p2 move doubleedge\n>p1 switch 3\n>p1 move swordsdance\n>p2 move doubleedge\n>p1 move earthquake\n>p2 move doubleedge\n>p2 switch 5\n>p1 move earthquake\n>p2 move flareblitz\n>p1 switch 2\n>p1 move knockoff\n>p2 switch 4\n>p1 switch 6\n>p2 move wish\n>p1 switch 6\n>p2 move toxic\n>p1 move doubleedge\n>p2 move protect\n>p1 move doubleedge\n>p2 move wish\n>p1 move doubleedge\n>p2 move protect\n>p1 move doubleedge\n>p2 switch 2\n>p1 switch 5\n>p1 move bellydrum\n>p2 move earthquake\n>p1 move playrough\n>p2 move earthquake\n>p2 switch 6\n>p1 move drainpunch\n>p2 move ironhead dynamax\n>p1 switch 6\n>p1 move brickbreak dynamax\n>p2 move rockslide dynamax", "uploadtime": 1668475667, "views": 11, "p1id": "pmawarrior", "p2id": "khoaalex45", "formatid": "gen8randombattle", "rating": 2415, "private": 0, "password": null}