{"id": "gen8randombattle-1281824794", "p1": "Aqua", "p2": "ezws", "format": "[Gen 8] Random Battle", "log": "|j|\u2606Aqua\n|j|\u2606ezws\n|t:|1613233876\n|player|p1|Aqua|scientistf|2391\n|player|p2|ezws|youngster-gen4|2426\n|teamsize|p1|6\n|teamsize|p2|6\n|gametype|singles\n|gen|8\n|tier|[Gen 8] Random Battle\n|rated|\n|rule|Species Clause: Limit one of each Pok\u00e9mon\n|rule|HP Percentage Mod: HP is shown in percentages\n|rule|Sleep Clause Mod: Limit one foe put to sleep\n|\n|t:|1613233876\n|start\n|switch|p1a: Quagsire|Quagsire, L84, M|297/297\n|switch|p2a: Duraludon|Duraludon, L84, F|255/255\n|turn|1\n|\n|t:|1613233893\n|switch|p1a: Stunfisk|Stunfisk-Galar, L84, F|320/320\n|move|p2a: Duraludon|Draco Meteor|p1a: Stunfisk\n|-resisted|p1a: Stunfisk\n|-damage|p1a: Stunfisk|231/320\n|-unboost|p2a: Duraludon|spa|2\n|\n|-heal|p1a: Stunfisk|251/320|[from] item: Leftovers\n|upkeep\n|turn|2\n|\n|t:|1613233916\n|move|p2a: Duraludon|Body Press|p1a: Stunfisk\n|-supereffective|p1a: Stunfisk\n|-damage|p1a: Stunfisk|131/320\n|move|p1a: Stunfisk|Earthquake|p2a: Duraludon\n|-supereffective|p2a: Duraludon\n|-damage|p2a: Duraludon|103/255\n|\n|-heal|p1a: Stunfisk|151/320|[from] item: Leftovers\n|upkeep\n|turn|3\n|\n|t:|1613233931\n|move|p2a: Duraludon|Body Press|p1a: Stunfisk\n|-supereffective|p1a: Stunfisk\n|-damage|p1a: Stunfisk|35/320\n|move|p1a: Stunfisk|Thunder Wave|p2a: Duraludon\n|-status|p2a: Duraludon|par\n|\n|-heal|p1a: Stunfisk|55/320|[from] item: Leftovers\n|upkeep\n|turn|4\n|\n|t:|1613233948\n|switch|p2a: Pangoro|Pangoro, L84, M|297/297\n|move|p1a: Stunfisk|Thunder Wave|p2a: Pangoro\n|-status|p2a: Pangoro|par\n|\n|-heal|p1a: Stunfisk|75/320|[from] item: Leftovers\n|upkeep\n|turn|5\n|\n|t:|1613233958\n|move|p1a: Stunfisk|Pain Split|p2a: Pangoro\n|-sethp|p2a: Pangoro|186/297 par|[from] move: Pain Split|[silent]\n|-sethp|p1a: Stunfisk|186/320|[from] move: Pain Split\n|move|p2a: Pangoro|Close Combat|p1a: Stunfisk\n|-supereffective|p1a: Stunfisk\n|-damage|p1a: Stunfisk|0 fnt\n|-unboost|p2a: Pangoro|def|1\n|-unboost|p2a: Pangoro|spd|1\n|faint|p1a: Stunfisk\n|\n|upkeep\n|\n|t:|1613233969\n|switch|p1a: Pinsir|Pinsir, L84, M|246/246\n|-ability|p1a: Pinsir|Mold Breaker\n|turn|6\n|\n|t:|1613233980\n|switch|p2a: Moltres|Moltres, L80|275/275\n|move|p1a: Pinsir|Stealth Rock|p2a: Moltres\n|-sidestart|p2: ezws|move: Stealth Rock\n|\n|upkeep\n|turn|7\n|\n|t:|1613233985\n|move|p1a: Pinsir|Stone Edge|p2a: Moltres\n|-supereffective|p2a: Moltres\n|-damage|p2a: Moltres|0 fnt\n|faint|p2a: Moltres\n|\n|upkeep\n|c|\u2606ezws|gg lol got nothing\n|\n|t:|1613234004\n|switch|p2a: Kyurem|Kyurem, L80|331/331\n|-ability|p2a: Kyurem|Pressure\n|turn|8\n|\n|t:|1613234013\n|switch|p1a: Sylveon|Sylveon, L84, F|297/297\n|move|p2a: Kyurem|Substitute|p2a: Kyurem\n|-start|p2a: Kyurem|Substitute\n|-damage|p2a: Kyurem|249/331\n|\n|upkeep\n|turn|9\n|\n|t:|1613234021\n|switch|p2a: Stakataka|Stakataka, L80|229/229\n|-damage|p2a: Stakataka|215/229|[from] Stealth Rock\n|-item|p2a: Stakataka|Air Balloon\n|move|p1a: Sylveon|Calm Mind|p1a: Sylveon\n|-boost|p1a: Sylveon|spa|1\n|-boost|p1a: Sylveon|spd|1\n|\n|upkeep\n|turn|10\n|\n|t:|1613234025\n|switch|p1a: Quagsire|Quagsire, L84, M|297/297\n|move|p2a: Stakataka|Gyro Ball|p1a: Quagsire\n|-resisted|p1a: Quagsire\n|-damage|p1a: Quagsire|231/297\n|\n|-heal|p1a: Quagsire|249/297|[from] item: Leftovers\n|upkeep\n|turn|11\n|\n|t:|1613234031\n|switch|p2a: Corsola|Corsola, L90, F|263/263\n|-damage|p2a: Corsola|231/263|[from] Stealth Rock\n|move|p1a: Quagsire|Scald|p2a: Corsola\n|-damage|p2a: Corsola|177/263\n|-status|p2a: Corsola|brn\n|\n|-heal|p1a: Quagsire|267/297|[from] item: Leftovers\n|-damage|p2a: Corsola|161/263 brn|[from] brn\n|upkeep\n|turn|12\n|\n|t:|1613234036\n|switch|p1a: Roserade|Roserade, L84, M|238/238\n|move|p2a: Corsola|Toxic|p1a: Roserade\n|-immune|p1a: Roserade\n|\n|-damage|p2a: Corsola|145/263 brn|[from] brn\n|upkeep\n|turn|13\n|-message|ezws forfeited.\n|\n|win|Aqua\n|l|\u2606ezws\n|raw|Aqua's rating: 2391 &rarr; <strong>2413</strong><br />(+22 for winning)\n|raw|ezws's rating: 2426 &rarr; <strong>2404</strong><br />(-22 for losing)\n", "inputlog": ">version c00d1f013b25e4c49cf55319f1fc48ade465c9fd\n>version-origin f36381377c4a4b0fcb630407c3c65764d6c5e8eb\n>start {\"formatid\":\"gen8randombattle\",\"seed\":[63563,32453,1220,51990],\"rated\":\"Rated battle\"}\n>player p1 {\"name\":\"Aqua\",\"avatar\":\"scientistf\",\"team\":\"\",\"rating\":2391,\"seed\":[50846,13568,48541,29812]}\n>player p2 {\"name\":\"ezws\",\"avatar\":\"youngster-gen4\",\"team\":\"\",\"rating\":2426,\"seed\":[31424,32591,7976,24788]}\n>p1 switch 5\n>p2 move dracometeor\n>p1 move earthquake\n>p2 move bodypress\n>p1 move thunderwave\n>p2 move bodypress\n>p1 move thunderwave\n>p2 switch 5\n>p1 move painsplit\n>p2 move closecombat\n>p1 switch 3\n>p1 move stealthrock\n>p2 switch 6\n>p1 move stoneedge\n>p2 move airslash\n>chat \u2606ezws|gg lol got nothing\n>p2 switch 2\n>p1 switch 4\n>p2 move substitute\n>p1 move calmmind\n>p2 switch 4\n>p1 switch 5\n>p2 move gyroball\n>p1 move scald\n>p2 switch 3\n>p1 switch 6\n>p2 move toxic", "uploadtime": 1613234089, "views": 54, "p1id": "aqua", "p2id": "ezws", "formatid": "gen8randombattle", "rating": 2404, "private": 0, "password": null}