{"id": "gen8randombattle-1872582934", "p1": "MeninoNery", "p2": "ThisCatzin", "format": "[Gen 8] Random Battle", "log": "|j|\u2606MeninoNery\n|j|\u2606ThisCatzin\n|t:|1685247480\n|gametype|singles\n|player|p1|MeninoNery|hooligans|\n|player|p2|ThisCatzin|101|\n|teamsize|p1|6\n|teamsize|p2|6\n|gen|8\n|tier|[Gen 8] Random Battle\n|rule|Species Clause: Limit one of each Pok\u00e9mon\n|rule|HP Percentage Mod: HP is shown in percentages\n|rule|Sleep Clause Mod: Limit one foe put to sleep\n|\n|t:|1685247480\n|start\n|switch|p1a: Archeops|Archeops, L82, F|257/257\n|switch|p2a: Tentacruel|Tentacruel, L84, M|272/272\n|turn|1\n|\n|t:|1685247492\n|move|p1a: Archeops|U-turn|p2a: Tentacruel\n|-resisted|p2a: Tentacruel\n|-damage|p2a: Tentacruel|232/272\n|\n|t:|1685247500\n|switch|p1a: Sandslash|Sandslash, L86, F|269/269|[from] U-turn\n|move|p2a: Tentacruel|Toxic Spikes|p1a: Sandslash\n|-sidestart|p1: MeninoNery|move: Toxic Spikes\n|\n|upkeep\n|turn|2\n|\n|t:|1685247507\n|move|p2a: Tentacruel|Scald|p1a: Sandslash\n|-supereffective|p1a: Sandslash\n|-damage|p1a: Sandslash|0 fnt\n|faint|p1a: Sandslash\n|-damage|p2a: Tentacruel|205/272|[from] item: Life Orb\n|\n|upkeep\n|\n|t:|1685247517\n|switch|p1a: Zygarde|Zygarde, L70|267/267\n|-status|p1a: Zygarde|psn\n|turn|3\n|\n|t:|1685247527\n|move|p2a: Tentacruel|Knock Off|p1a: Zygarde\n|-crit|p1a: Zygarde\n|-damage|p1a: Zygarde|168/267 psn\n|-enditem|p1a: Zygarde|Leftovers|[from] move: Knock Off|[of] p2a: Tentacruel\n|-damage|p2a: Tentacruel|178/272|[from] item: Life Orb\n|move|p1a: Zygarde|Substitute|p1a: Zygarde\n|-start|p1a: Zygarde|Substitute\n|-damage|p1a: Zygarde|102/267 psn\n|\n|-damage|p1a: Zygarde|69/267 psn|[from] psn\n|-activate|p1a: Zygarde|ability: Power Construct\n|detailschange|p1a: Zygarde|Zygarde-Complete, L70\n|-heal|p1a: Zygarde|220/418 psn|[silent]\n|upkeep\n|turn|4\n|\n|t:|1685247541\n|move|p2a: Tentacruel|Sludge Bomb|p1a: Zygarde\n|-resisted|p1a: Zygarde\n|-activate|p1a: Zygarde|move: Substitute|[damage]\n|-damage|p2a: Tentacruel|151/272|[from] item: Life Orb\n|move|p1a: Zygarde|Outrage|p2a: Tentacruel\n|-damage|p2a: Tentacruel|42/272\n|\n|-damage|p1a: Zygarde|168/418 psn|[from] psn\n|upkeep\n|turn|5\n|\n|t:|1685247553\n|move|p2a: Tentacruel|Scald|p1a: Zygarde\n|-end|p1a: Zygarde|Substitute\n|-damage|p2a: Tentacruel|15/272|[from] item: Life Orb\n|move|p1a: Zygarde|Outrage|p2a: Tentacruel|[from]lockedmove\n|-damage|p2a: Tentacruel|0 fnt\n|faint|p2a: Tentacruel\n|\n|-damage|p1a: Zygarde|116/418 psn|[from] psn\n|upkeep\n|\n|t:|1685247567\n|switch|p2a: Klefki|Klefki, L82, F|228/228\n|turn|6\n|\n|t:|1685247573\n|move|p2a: Klefki|Play Rough|p1a: Zygarde\n|-supereffective|p1a: Zygarde\n|-damage|p1a: Zygarde|0 fnt\n|faint|p1a: Zygarde\n|\n|upkeep\n|\n|t:|1685247588\n|switch|p1a: Vanilluxe|Vanilluxe, L82, F|251/251\n|-status|p1a: Vanilluxe|psn\n|-weather|Hail|[from] ability: Snow Warning|[of] p1a: Vanilluxe\n|turn|7\n|\n|t:|1685247596\n|move|p2a: Klefki|Spikes|p1a: Vanilluxe\n|-sidestart|p1: MeninoNery|Spikes\n|move|p1a: Vanilluxe|Blizzard|p2a: Klefki\n|-resisted|p2a: Klefki\n|-damage|p2a: Klefki|171/228\n|\n|-weather|Hail|[upkeep]\n|-damage|p2a: Klefki|157/228|[from] Hail\n|-heal|p2a: Klefki|171/228|[from] item: Leftovers\n|-damage|p1a: Vanilluxe|220/251 psn|[from] psn\n|upkeep\n|turn|8\n|\n|t:|1685247607\n|move|p2a: Klefki|Spikes|p1a: Vanilluxe\n|-sidestart|p1: MeninoNery|Spikes\n|move|p1a: Vanilluxe|Blizzard|p2a: Klefki\n|-resisted|p2a: Klefki\n|-damage|p2a: Klefki|111/228\n|\n|-weather|Hail|[upkeep]\n|-damage|p2a: Klefki|97/228|[from] Hail\n|-heal|p2a: Klefki|111/228|[from] item: Leftovers\n|-damage|p1a: Vanilluxe|189/251 psn|[from] psn\n|upkeep\n|turn|9\n|\n|t:|1685247616\n|move|p2a: Klefki|Spikes|p1a: Vanilluxe\n|-sidestart|p1: MeninoNery|Spikes\n|move|p1a: Vanilluxe|Blizzard|p2a: Klefki\n|-resisted|p2a: Klefki\n|-damage|p2a: Klefki|46/228\n|\n|-weather|Hail|[upkeep]\n|-damage|p2a: Klefki|32/228|[from] Hail\n|-heal|p2a: Klefki|46/228|[from] item: Leftovers\n|-damage|p1a: Vanilluxe|158/251 psn|[from] psn\n|upkeep\n|turn|10\n|\n|t:|1685247630\n|move|p1a: Vanilluxe|Blizzard|p2a: Klefki\n|-resisted|p2a: Klefki\n|-damage|p2a: Klefki|0 fnt\n|faint|p2a: Klefki\n|\n|-weather|Hail|[upkeep]\n|-damage|p1a: Vanilluxe|127/251 psn|[from] psn\n|upkeep\n|\n|t:|1685247641\n|switch|p2a: Clefable|Clefable, L82, F|290/290\n|turn|11\n|\n|t:|1685247647\n|move|p1a: Vanilluxe|Blizzard|p2a: Clefable\n|-damage|p2a: Clefable|178/290\n|move|p2a: Clefable|Calm Mind|p2a: Clefable\n|-boost|p2a: Clefable|spa|1\n|-boost|p2a: Clefable|spd|1\n|\n|-weather|none\n|-damage|p1a: Vanilluxe|96/251 psn|[from] psn\n|upkeep\n|turn|12\n|\n|t:|1685247655\n|move|p1a: Vanilluxe|Blizzard|p2a: Clefable|[miss]\n|-miss|p1a: Vanilluxe|p2a: Clefable\n|move|p2a: Clefable|Calm Mind|p2a: Clefable\n|-boost|p2a: Clefable|spa|1\n|-boost|p2a: Clefable|spd|1\n|\n|-damage|p1a: Vanilluxe|65/251 psn|[from] psn\n|upkeep\n|turn|13\n|\n|t:|1685247662\n|move|p1a: Vanilluxe|Explosion|p2a: Clefable\n|-damage|p2a: Clefable|0 fnt\n|faint|p1a: Vanilluxe\n|faint|p2a: Clefable\n|\n|upkeep\n|\n|t:|1685247670\n|switch|p1a: Weavile|Weavile, L79, F|240/240\n|switch|p2a: Calyrex|Calyrex-Ice, L72|263/263\n|-ability|p2a: Calyrex|As One\n|-ability|p2a: Calyrex|Unnerve\n|turn|14\n|\n|t:|1685247681\n|move|p1a: Weavile|Swords Dance|p1a: Weavile\n|-boost|p1a: Weavile|atk|2\n|move|p2a: Calyrex|Agility|p2a: Calyrex\n|-boost|p2a: Calyrex|spe|2\n|\n|upkeep\n|turn|15\n|\n|t:|1685247691\n|move|p1a: Weavile|Knock Off|p2a: Calyrex\n|-supereffective|p2a: Calyrex\n|-damage|p2a: Calyrex|0 fnt\n|-enditem|p2a: Calyrex|Weakness Policy|[from] move: Knock Off|[of] p1a: Weavile\n|faint|p2a: Calyrex\n|\n|upkeep\n|\n|t:|1685247697\n|switch|p2a: Froslass|Froslass, L84, F|255/255\n|turn|16\n|\n|t:|1685247702\n|move|p1a: Weavile|Knock Off|p2a: Froslass\n|-supereffective|p2a: Froslass\n|-damage|p2a: Froslass|0 fnt\n|-enditem|p2a: Froslass|Wide Lens|[from] move: Knock Off|[of] p1a: Weavile\n|faint|p2a: Froslass\n|\n|upkeep\n|\n|t:|1685247707\n|switch|p2a: Jolteon|Jolteon, L82, M|241/241\n|turn|17\n|\n|t:|1685247713\n|-start|p2a: Jolteon|Dynamax|\n|-heal|p2a: Jolteon|482/482|[silent]\n|move|p2a: Jolteon|Max Strike|p1a: Weavile\n|-damage|p1a: Weavile|131/240\n|-unboost|p1a: Weavile|spe|1\n|move|p1a: Weavile|Knock Off|p2a: Jolteon\n|-damage|p2a: Jolteon|199/482\n|-enditem|p2a: Jolteon|Choice Specs|[from] move: Knock Off|[of] p1a: Weavile\n|\n|upkeep\n|turn|18\n|\n|t:|1685247723\n|move|p2a: Jolteon|Max Lightning|p1a: Weavile\n|-damage|p1a: Weavile|0 fnt\n|-fieldstart|move: Electric Terrain\n|faint|p1a: Weavile\n|\n|upkeep\n|\n|t:|1685247730\n|switch|p1a: Archeops|Archeops, L82, F|257/257\n|turn|19\n|\n|t:|1685247736\n|move|p2a: Jolteon|Max Lightning|p1a: Archeops\n|-supereffective|p1a: Archeops\n|-damage|p1a: Archeops|0 fnt\n|faint|p1a: Archeops\n|\n|upkeep\n|\n|t:|1685247742\n|switch|p1a: Zacian|Zacian-Crowned, L62|218/218\n|-damage|p1a: Zacian|164/218|[from] Spikes\n|-ability|p1a: Zacian|Intrepid Sword|boost\n|-boost|p1a: Zacian|atk|1\n|-end|p2a: Jolteon|Dynamax\n|-heal|p2a: Jolteon|100/241|[silent]\n|turn|20\n|\n|t:|1685247753\n|move|p2a: Jolteon|Thunderbolt|p1a: Zacian\n|-damage|p1a: Zacian|29/218\n|move|p1a: Zacian|Crunch|p2a: Jolteon\n|-damage|p2a: Jolteon|1/241\n|\n|upkeep\n|turn|21\n|\n|t:|1685247764\n|move|p2a: Jolteon|Thunderbolt|p1a: Zacian\n|-damage|p1a: Zacian|0 fnt\n|faint|p1a: Zacian\n|\n|win|ThisCatzin\n", "inputlog": ">version d74822bbc74c095aa312053f7034baee3068d99e\n>start {\"formatid\":\"gen8randombattle\",\"seed\":[2800,55698,19164,40932]}\n>player p1 {\"name\":\"MeninoNery\",\"avatar\":\"hooligans\",\"rating\":0,\"seed\":[5850,15013,12487,46571]}\n>player p2 {\"name\":\"ThisCatzin\",\"avatar\":\"101\",\"rating\":0,\"seed\":[48416,47854,21382,61689]}\n>p1 move uturn\n>p2 move toxicspikes\n>p1 switch 6\n>p1 move swordsdance\n>p2 move scald\n>p1 switch 2\n>p1 move substitute\n>p2 move knockoff\n>p1 move outrage\n>p2 move sludgebomb\n>p1 move outrage\n>p2 move scald\n>p2 switch 3\n>p1 move outrage\n>p2 move playrough\n>p1 switch 3\n>p1 move blizzard\n>p2 move spikes\n>p1 move blizzard\n>p2 move spikes\n>p1 move blizzard\n>p2 move spikes\n>p1 move blizzard\n>p2 move playrough\n>p2 switch 5\n>p1 move blizzard\n>p2 move calmmind\n>p1 move blizzard\n>p2 move calmmind\n>p1 move explosion\n>p2 move softboiled\n>p1 switch 5\n>p2 switch 4\n>p1 move swordsdance\n>p2 move agility\n>p1 move knockoff\n>p2 move agility\n>p2 switch 6\n>p1 move knockoff\n>p2 move destinybond\n>p2 switch 2\n>p1 move knockoff\n>p2 move hypervoice dynamax\n>p1 move knockoff\n>p2 move thunderbolt dynamax\n>p1 switch 6\n>p1 move stoneedge\n>p2 move thunderbolt dynamax\n>p1 switch 4\n>p1 move crunch\n>p2 move thunderbolt\n>p1 move behemothblade\n>p2 move thunderbolt", "uploadtime": 1685247771, "views": 7, "p1id": "meninonery", "p2id": "thiscatzin", "formatid": "gen8randombattle", "rating": 0, "private": 0, "password": ""}