|j|☆Illustrious One
|j|☆Walkenskye
|inactive|Battle timer is ON: inactive players will automatically lose when time's up.
|t:|1683837315
|gametype|singles
|player|p1|Illustrious One|dancer|
|player|p2|Walkenskye|2|
|teamsize|p1|6
|teamsize|p2|6
|gen|8
|tier|[Gen 8] Random Battle
|rated|Tournament battle
|rule|Species Clause: Limit one of each Pokémon
|rule|HP Percentage Mod: HP is shown in percentages
|rule|Sleep Clause Mod: Limit one foe put to sleep
|rule|Inverse Mod: Weaknesses become resistances, while resistances and immunities become weaknesses.
|
|t:|1683837315
|start
|switch|p1a: Corsola|Corsola-Galar, L84, F|238/238
|switch|p2a: Froslass|Froslass, L84, F|255/255
|turn|1
|j|*Lady Monita
|inactive|Illustrious One has 120 seconds left.
|inactive|Walkenskye has 120 seconds left.
|inactive|Illustrious One has 90 seconds left.
|
|t:|1683837380
|move|p2a: Froslass|Spikes|p1a: Corsola
|-sidestart|p1: Illustrious One|Spikes
|move|p1a: Corsola|Stealth Rock|p2a: Froslass
|-sidestart|p2: Walkenskye|move: Stealth Rock
|
|upkeep
|turn|2
|
|t:|1683837397
|switch|p1a: Golurk|Golurk, L82|280/280
|-damage|p1a: Golurk|245/280|[from] Spikes
|move|p2a: Froslass|Spikes|p1a: Golurk
|-sidestart|p1: Illustrious One|Spikes
|
|upkeep
|turn|3
|
|t:|1683837416
|switch|p2a: Aegislash|Aegislash, L80, F|227/227
|-damage|p2a: Aegislash|171/227|[from] Stealth Rock
|move|p1a: Golurk|Rock Polish|p1a: Golurk
|-boost|p1a: Golurk|spe|2
|
|upkeep
|turn|4
|inactive|Illustrious One has 120 seconds left.
|inactive|Illustrious One has 90 seconds left.
|
|t:|1683837480
|move|p1a: Golurk|Dynamic Punch|p2a: Aegislash
|-damage|p2a: Aegislash|87/227
|-start|p2a: Aegislash|confusion
|-damage|p1a: Golurk|217/280|[from] item: Life Orb
|-activate|p2a: Aegislash|confusion
|-formechange|p2a: Aegislash|Aegislash-Blade||[from] ability: Stance Change
|move|p2a: Aegislash|Iron Head|p1a: Golurk
|-damage|p1a: Golurk|77/280
|-damage|p2a: Aegislash|65/227|[from] item: Life Orb
|
|upkeep
|turn|5
|inactive|Illustrious One has 90 seconds left.
|inactive|Walkenskye has 120 seconds left.
|j| Jonbot25
|inactive|Walkenskye has 90 seconds left.
|
|t:|1683837546
|-activate|p2a: Aegislash|confusion
|-damage|p2a: Aegislash|10/227|[from] confusion
|move|p1a: Golurk|Rock Polish|p1a: Golurk
|-boost|p1a: Golurk|spe|2
|
|upkeep
|turn|6
|
|t:|1683837554
|-end|p2a: Aegislash|confusion
|move|p2a: Aegislash|Shadow Sneak|p1a: Golurk
|-resisted|p1a: Golurk
|-damage|p1a: Golurk|39/280
|-damage|p2a: Aegislash|0 fnt|[from] item: Life Orb
|faint|p2a: Aegislash
|move|p1a: Golurk|Earthquake|p2: Aegislash|[notarget]
|-fail|p1a: Golurk
|
|upkeep
|inactive|Walkenskye has 60 seconds left.
|inactive|Walkenskye has 30 seconds left.
|
|t:|1683837616
|switch|p2a: Froslass|Froslass, L84, F|255/255
|-damage|p2a: Froslass|240/255|[from] Stealth Rock
|turn|7
|
|t:|1683837627
|move|p1a: Golurk|Earthquake|p2a: Froslass
|-damage|p2a: Froslass|49/255
|-damage|p1a: Golurk|11/280|[from] item: Life Orb
|move|p2a: Froslass|Poltergeist|p1a: Golurk
|-activate|p1a: Golurk|move: Poltergeist|Life Orb
|-resisted|p1a: Golurk
|-damage|p1a: Golurk|0 fnt
|faint|p1a: Golurk
|
|upkeep
|inactive|Illustrious One has 90 seconds left.
|j| BGenius
|
|t:|1683837647
|switch|p1a: Spectrier|Spectrier, L74|270/270
|-damage|p1a: Spectrier|225/270|[from] Spikes
|turn|8
|l| BGenius
|inactive|Illustrious One has 90 seconds left.
|
|t:|1683837664
|move|p1a: Spectrier|Shadow Ball|p2a: Froslass
|-resisted|p2a: Froslass
|-damage|p2a: Froslass|0 fnt
|-start|p1a: Spectrier|Disable|Shadow Ball|[from] ability: Cursed Body|[of] p2a: Froslass
|faint|p2a: Froslass
|-ability|p1a: Spectrier|Grim Neigh|boost
|-boost|p1a: Spectrier|spa|1
|
|-heal|p1a: Spectrier|241/270|[from] item: Leftovers
|upkeep
|
|t:|1683837672
|switch|p2a: Lunala|Lunala, L72|316/316
|-damage|p2a: Lunala|277/316|[from] Stealth Rock
|turn|9
|inactive|Illustrious One has 90 seconds left.
|
|t:|1683837689
|switch|p1a: Calyrex|Calyrex-Shadow, L65|238/238
|-ability|p1a: Calyrex|As One
|-ability|p1a: Calyrex|Unnerve
|-damage|p1a: Calyrex|199/238|[from] Spikes
|move|p2a: Lunala|Calm Mind|p2a: Lunala
|-boost|p2a: Lunala|spa|1
|-boost|p2a: Lunala|spd|1
|
|-heal|p1a: Calyrex|213/238|[from] item: Leftovers
|-heal|p2a: Lunala|296/316|[from] item: Leftovers
|upkeep
|turn|10
|
|t:|1683837699
|move|p1a: Calyrex|Psyshock|p2a: Lunala
|-supereffective|p2a: Lunala
|-damage|p2a: Lunala|120/316
|move|p2a: Lunala|Psyshock|p1a: Calyrex
|-supereffective|p1a: Calyrex
|-damage|p1a: Calyrex|0 fnt
|faint|p1a: Calyrex
|
|-heal|p2a: Lunala|139/316|[from] item: Leftovers
|upkeep
|inactive|Illustrious One has 90 seconds left.
|
|t:|1683837722
|switch|p1a: Spiritomb|Spiritomb, L88, F|231/231
|-damage|p1a: Spiritomb|193/231|[from] Spikes
|turn|11
|
|t:|1683837731
|move|p2a: Lunala|Psyshock|p1a: Spiritomb
|-supereffective|p1a: Spiritomb
|-damage|p1a: Spiritomb|7/231
|move|p1a: Spiritomb|Trick|p2a: Lunala
|-activate|p1a: Spiritomb|move: Trick|[of] p2a: Lunala
|-item|p2a: Lunala|Choice Band|[from] move: Trick
|-item|p1a: Spiritomb|Leftovers|[from] move: Trick
|
|-heal|p1a: Spiritomb|21/231|[from] item: Leftovers
|upkeep
|turn|12
|inactive|Walkenskye has 60 seconds left.
|
|t:|1683837739
|move|p1a: Spiritomb|Sucker Punch|p2a: Lunala
|-resisted|p2a: Lunala
|-damage|p2a: Lunala|118/316
|move|p2a: Lunala|Psyshock|p1a: Spiritomb
|-supereffective|p1a: Spiritomb
|-damage|p1a: Spiritomb|0 fnt
|faint|p1a: Spiritomb
|
|upkeep
|
|t:|1683837743
|switch|p1a: Corsola|Corsola-Galar, L84, F|238/238
|-damage|p1a: Corsola|199/238|[from] Spikes
|turn|13
|
|t:|1683837747
|move|p2a: Lunala|Psyshock|p1a: Corsola
|-damage|p1a: Corsola|129/238
|move|p1a: Corsola|Night Shade|p2a: Lunala
|-damage|p2a: Lunala|34/316
|
|upkeep
|turn|14
|
|t:|1683837750
|move|p2a: Lunala|Psyshock|p1a: Corsola
|-damage|p1a: Corsola|50/238
|move|p1a: Corsola|Strength Sap|p2a: Lunala
|-unboost|p2a: Lunala|atk|1
|-heal|p1a: Corsola|217/238
|
|upkeep
|turn|15
|inactive|Walkenskye has 90 seconds left.
|
|t:|1683837756
|move|p2a: Lunala|Psyshock|p1a: Corsola
|-damage|p1a: Corsola|147/238
|move|p1a: Corsola|Night Shade|p2a: Lunala
|-damage|p2a: Lunala|0 fnt
|faint|p2a: Lunala
|
|upkeep
|inactive|Walkenskye has 90 seconds left.
|
|t:|1683837776
|switch|p2a: Drifblim|Drifblim, L84, F|389/389
|-damage|p2a: Drifblim|365/389|[from] Stealth Rock
|turn|16
|
|t:|1683837793
|switch|p1a: Dusknoir|Dusknoir, L86, F|218/218
|-damage|p1a: Dusknoir|182/218|[from] Spikes
|-ability|p1a: Dusknoir|Pressure
|move|p2a: Drifblim|Calm Mind|p2a: Drifblim
|-boost|p2a: Drifblim|spa|1
|-boost|p2a: Drifblim|spd|1
|
|-heal|p1a: Dusknoir|195/218|[from] item: Leftovers
|upkeep
|turn|17
|inactive|Walkenskye has 90 seconds left.
|
|t:|1683837816
|move|p2a: Drifblim|Strength Sap|p1a: Dusknoir
|-unboost|p1a: Dusknoir|atk|1
|-heal|p2a: Drifblim|389/389
|move|p1a: Dusknoir|Earthquake|p2a: Drifblim
|-supereffective|p2a: Drifblim
|-damage|p2a: Drifblim|219/389
|
|-heal|p1a: Dusknoir|208/218|[from] item: Leftovers
|upkeep
|turn|18
|
|t:|1683837828
|move|p2a: Drifblim|Strength Sap|p1a: Dusknoir
|-unboost|p1a: Dusknoir|atk|1
|-heal|p2a: Drifblim|366/389
|move|p1a: Dusknoir|Earthquake|p2a: Drifblim
|-supereffective|p2a: Drifblim
|-damage|p2a: Drifblim|240/389
|
|-heal|p1a: Dusknoir|218/218|[from] item: Leftovers
|upkeep
|turn|19
|inactive|Walkenskye has 90 seconds left.
|
|t:|1683837838
|move|p2a: Drifblim|Calm Mind|p2a: Drifblim
|-boost|p2a: Drifblim|spa|1
|-boost|p2a: Drifblim|spd|1
|move|p1a: Dusknoir|Earthquake|p2a: Drifblim
|-supereffective|p2a: Drifblim
|-damage|p2a: Drifblim|128/389
|-enditem|p2a: Drifblim|Sitrus Berry|[eat]
|-heal|p2a: Drifblim|225/389|[from] item: Sitrus Berry
|
|upkeep
|turn|20
|
|t:|1683837846
|move|p2a: Drifblim|Strength Sap|p1a: Dusknoir
|-unboost|p1a: Dusknoir|atk|1
|-heal|p2a: Drifblim|335/389
|move|p1a: Dusknoir|Earthquake|p2a: Drifblim
|-supereffective|p2a: Drifblim
|-damage|p2a: Drifblim|239/389
|
|upkeep
|turn|21
|
|t:|1683837854
|move|p2a: Drifblim|Thunderbolt|p1a: Dusknoir
|-damage|p1a: Dusknoir|139/218
|move|p1a: Dusknoir|Earthquake|p2a: Drifblim
|-supereffective|p2a: Drifblim
|-damage|p2a: Drifblim|133/389
|
|-heal|p1a: Dusknoir|152/218|[from] item: Leftovers
|upkeep
|turn|22
|
|t:|1683837858
|move|p2a: Drifblim|Thunderbolt|p1a: Dusknoir
|-damage|p1a: Dusknoir|66/218
|move|p1a: Dusknoir|Earthquake|p2a: Drifblim
|-supereffective|p2a: Drifblim
|-damage|p2a: Drifblim|35/389
|
|-heal|p1a: Dusknoir|79/218|[from] item: Leftovers
|upkeep
|turn|23
|
|t:|1683837864
|move|p2a: Drifblim|Thunderbolt|p1a: Dusknoir
|-damage|p1a: Dusknoir|0 fnt
|faint|p1a: Dusknoir
|
|upkeep
|
|t:|1683837867
|switch|p1a: Spectrier|Spectrier, L74|241/270
|-damage|p1a: Spectrier|196/270|[from] Spikes
|turn|24
|
|t:|1683837885
|-start|p1a: Spectrier|Dynamax|
|-heal|p1a: Spectrier|392/540|[silent]
|move|p2a: Drifblim|Thunderbolt|p1a: Spectrier
|-damage|p1a: Spectrier|256/540
|move|p1a: Spectrier|Max Phantasm|p2a: Drifblim
|-resisted|p2a: Drifblim
|-damage|p2a: Drifblim|0 fnt
|faint|p2a: Drifblim
|-ability|p1a: Spectrier|Grim Neigh|boost
|-boost|p1a: Spectrier|spa|1
|
|-heal|p1a: Spectrier|272/540|[from] item: Leftovers
|upkeep
|
|t:|1683837899
|switch|p2a: Silvally|Silvally-Ghost, L84|297/297
|-damage|p2a: Silvally|260/297|[from] Stealth Rock
|turn|25
|
|t:|1683837930
|-start|p2a: Silvally|Dynamax|
|-heal|p2a: Silvally|520/594|[silent]
|move|p1a: Spectrier|Max Darkness|p2a: Silvally
|-resisted|p2a: Silvally
|-damage|p2a: Silvally|446/594
|-unboost|p2a: Silvally|spd|1
|move|p2a: Silvally|Max Flutterby|p1a: Spectrier
|-supereffective|p1a: Spectrier
|-damage|p1a: Spectrier|6/540
|-unboost|p1a: Spectrier|spa|1
|
|-heal|p1a: Spectrier|22/540|[from] item: Leftovers
|upkeep
|turn|26
|
|t:|1683837945
|move|p2a: Silvally|Max Guard|p2a: Silvally
|-singleturn|p2a: Silvally|Max Guard
|move|p1a: Spectrier|Max Phantasm|p2a: Silvally
|-activate|p2a: Silvally|move: Max Guard
|
|-heal|p1a: Spectrier|38/540|[from] item: Leftovers
|upkeep
|-end|p1a: Spectrier|Dynamax
|-heal|p1a: Spectrier|19/270|[silent]
|turn|27
|
|t:|1683837956
|move|p1a: Spectrier|Shadow Ball|p2a: Silvally
|-resisted|p2a: Silvally
|-damage|p2a: Silvally|382/594
|move|p2a: Silvally|Max Flutterby|p1a: Spectrier
|-supereffective|p1a: Spectrier
|-damage|p1a: Spectrier|0 fnt
|faint|p1a: Spectrier
|
|upkeep
|
|t:|1683837960
|switch|p1a: Corsola|Corsola-Galar, L84, F|147/238
|-damage|p1a: Corsola|108/238|[from] Spikes
|-end|p2a: Silvally|Dynamax
|-heal|p2a: Silvally|191/297|[silent]
|turn|28
|
|t:|1683837963
|move|p2a: Silvally|X-Scissor|p1a: Corsola
|-supereffective|p1a: Corsola
|-damage|p1a: Corsola|42/238
|move|p1a: Corsola|Strength Sap|p2a: Silvally
|-unboost|p2a: Silvally|atk|1
|-heal|p1a: Corsola|238/238
|
|upkeep
|turn|29
|
|t:|1683837968
|move|p2a: Silvally|Swords Dance|p2a: Silvally
|-boost|p2a: Silvally|atk|2
|move|p1a: Corsola|Will-O-Wisp|p2a: Silvally
|-status|p2a: Silvally|brn
|
|-damage|p2a: Silvally|173/297 brn|[from] brn
|upkeep
|turn|30
|
|t:|1683837972
|move|p2a: Silvally|Swords Dance|p2a: Silvally
|-boost|p2a: Silvally|atk|2
|move|p1a: Corsola|Strength Sap|p2a: Silvally
|-unboost|p2a: Silvally|atk|1
|
|-damage|p2a: Silvally|155/297 brn|[from] brn
|upkeep
|turn|31
|
|t:|1683837975
|move|p2a: Silvally|Swords Dance|p2a: Silvally
|-boost|p2a: Silvally|atk|2
|move|p1a: Corsola|Strength Sap|p2a: Silvally
|-unboost|p2a: Silvally|atk|1
|
|-damage|p2a: Silvally|137/297 brn|[from] brn
|upkeep
|turn|32
|
|t:|1683837978
|move|p2a: Silvally|Swords Dance|p2a: Silvally
|-boost|p2a: Silvally|atk|2
|move|p1a: Corsola|Strength Sap|p2a: Silvally
|-unboost|p2a: Silvally|atk|1
|
|-damage|p2a: Silvally|119/297 brn|[from] brn
|upkeep
|turn|33
|
|t:|1683837980
|move|p2a: Silvally|X-Scissor|p1a: Corsola
|-supereffective|p1a: Corsola
|-damage|p1a: Corsola|146/238
|move|p1a: Corsola|Strength Sap|p2a: Silvally
|-unboost|p2a: Silvally|atk|1
|-heal|p1a: Corsola|238/238
|
|-damage|p2a: Silvally|101/297 brn|[from] brn
|upkeep
|turn|34
|
|t:|1683837999
|move|p2a: Silvally|X-Scissor|p1a: Corsola
|-supereffective|p1a: Corsola
|-damage|p1a: Corsola|147/238
|move|p1a: Corsola|Strength Sap|p2a: Silvally
|-unboost|p2a: Silvally|atk|1
|-heal|p1a: Corsola|238/238
|
|-damage|p2a: Silvally|83/297 brn|[from] brn
|upkeep
|turn|35
|
|t:|1683838005
|move|p2a: Silvally|X-Scissor|p1a: Corsola
|-supereffective|p1a: Corsola
|-damage|p1a: Corsola|176/238
|-start|p2a: Silvally|Disable|X-Scissor|[from] ability: Cursed Body|[of] p1a: Corsola
|move|p1a: Corsola|Strength Sap|p2a: Silvally
|-unboost|p2a: Silvally|atk|1
|-heal|p1a: Corsola|238/238
|
|-damage|p2a: Silvally|65/297 brn|[from] brn
|upkeep
|turn|36
|
|t:|1683838011
|move|p2a: Silvally|Multi-Attack|p1a: Corsola
|-resisted|p1a: Corsola
|-damage|p1a: Corsola|211/238
|move|p1a: Corsola|Night Shade|p2a: Silvally
|-damage|p2a: Silvally|0 fnt
|faint|p2a: Silvally
|
|upkeep
|
|t:|1683838014
|switch|p2a: Gengar|Gengar, L80, M|227/227
|-damage|p2a: Gengar|199/227|[from] Stealth Rock
|turn|37
|
|t:|1683838021
|move|p2a: Gengar|Sludge Wave|p1a: Corsola
|-supereffective|p1a: Corsola
|-damage|p1a: Corsola|39/238
|-damage|p2a: Gengar|177/227|[from] item: Life Orb
|move|p1a: Corsola|Night Shade|p2a: Gengar
|-damage|p2a: Gengar|93/227
|-start|p1a: Corsola|Disable|Night Shade|[from] ability: Cursed Body|[of] p2a: Gengar
|
|upkeep
|turn|38
|-message|Illustrious One forfeited.
|
|win|Walkenskye
|n|☆Illustrious One|illustriousone
|n|☆Walkenskye|walkenskye
|n|*Lady Monita|ladymonita
|n| Jonbot25|jonbot25
