{"id": "gen8randombattle-1871973517", "p1": "piaa", "p2": "woopre", "format": "[Gen 8] Random Battle", "log": "|j|\u2606piaa\n|j|\u2606woopre\n|t:|1685155019\n|gametype|singles\n|player|p1|piaa|#rbtt6teamchienpaof|\n|player|p2|woopre|cynthia-anime2|\n|teamsize|p1|6\n|teamsize|p2|6\n|gen|8\n|tier|[Gen 8] Random Battle\n|rule|Species Clause: Limit one of each Pok\u00e9mon\n|rule|HP Percentage Mod: HP is shown in percentages\n|rule|Sleep Clause Mod: Limit one foe put to sleep\n|\n|t:|1685155019\n|start\n|switch|p1a: Ditto|Ditto, L76|198/198\n|switch|p2a: Aurorus|Aurorus, L84, M|344/344\n|-transform|p1a: Ditto|p2a: Aurorus|[from] ability: Imposter\n|-weather|Hail|[from] ability: Snow Warning|[of] p1a: Ditto\n|turn|1\n|\n|t:|1685155091\n|move|p1a: Ditto|Stealth Rock|p2a: Aurorus\n|-sidestart|p2: woopre|move: Stealth Rock\n|move|p2a: Aurorus|Stealth Rock|p1a: Ditto\n|-sidestart|p1: piaa|move: Stealth Rock\n|\n|-weather|Hail|[upkeep]\n|upkeep\n|turn|2\n|\n|t:|1685155125\n|switch|p1a: Mienshao|Mienshao, L82, F|241/241\n|-damage|p1a: Mienshao|226/241|[from] Stealth Rock\n|move|p2a: Aurorus|Blizzard|p1a: Mienshao\n|-damage|p1a: Mienshao|57/241\n|\n|-weather|Hail|[upkeep]\n|-damage|p1a: Mienshao|42/241|[from] Hail\n|upkeep\n|turn|3\n|\n|t:|1685155153\n|switch|p2a: Gigalith|Gigalith, L82, F|274/274\n|-damage|p2a: Gigalith|240/274|[from] Stealth Rock\n|-weather|Sandstorm|[from] ability: Sand Stream|[of] p2a: Gigalith\n|move|p1a: Mienshao|U-turn|p2a: Gigalith\n|-damage|p2a: Gigalith|199/274\n|\n|t:|1685155182\n|switch|p1a: Mamoswine|Mamoswine, L80, F|307/307|[from] U-turn\n|-damage|p1a: Mamoswine|269/307|[from] Stealth Rock\n|\n|-weather|Sandstorm|[upkeep]\n|upkeep\n|turn|4\n|\n|t:|1685155203\n|move|p1a: Mamoswine|Superpower|p2a: Gigalith\n|-supereffective|p2a: Gigalith\n|-damage|p2a: Gigalith|0 fnt\n|-unboost|p1a: Mamoswine|atk|1\n|-unboost|p1a: Mamoswine|def|1\n|faint|p2a: Gigalith\n|\n|-weather|Sandstorm|[upkeep]\n|upkeep\n|\n|t:|1685155211\n|switch|p2a: Kingdra|Kingdra, L82, M|257/257\n|-damage|p2a: Kingdra|225/257|[from] Stealth Rock\n|turn|5\n|\n|t:|1685155243\n|switch|p1a: Eldegoss|Eldegoss, L90, F|254/254\n|-damage|p1a: Eldegoss|223/254|[from] Stealth Rock\n|move|p2a: Kingdra|Rain Dance|p2a: Kingdra\n|-weather|RainDance\n|\n|-weather|RainDance|[upkeep]\n|-heal|p1a: Eldegoss|238/254|[from] item: Leftovers\n|upkeep\n|turn|6\n|\n|t:|1685155278\n|move|p2a: Kingdra|Hurricane|p1a: Eldegoss\n|-supereffective|p1a: Eldegoss\n|-damage|p1a: Eldegoss|98/254\n|-damage|p2a: Kingdra|200/257|[from] item: Life Orb\n|move|p1a: Eldegoss|Sleep Powder|p2a: Kingdra\n|-status|p2a: Kingdra|slp|[from] move: Sleep Powder\n|\n|-weather|RainDance|[upkeep]\n|-heal|p1a: Eldegoss|113/254|[from] item: Leftovers\n|upkeep\n|turn|7\n|\n|t:|1685155301\n|cant|p2a: Kingdra|slp\n|move|p1a: Eldegoss|Leech Seed|p2a: Kingdra\n|-start|p2a: Kingdra|move: Leech Seed\n|\n|-weather|RainDance|[upkeep]\n|-heal|p1a: Eldegoss|128/254|[from] item: Leftovers\n|-damage|p2a: Kingdra|168/257 slp|[from] Leech Seed|[of] p1a: Eldegoss\n|-heal|p1a: Eldegoss|160/254|[silent]\n|upkeep\n|turn|8\n|\n|t:|1685155379\n|switch|p2a: Scizor|Scizor, L80, M|243/243\n|-damage|p2a: Scizor|213/243|[from] Stealth Rock\n|move|p1a: Eldegoss|Energy Ball|p2a: Scizor\n|-resisted|p2a: Scizor\n|-damage|p2a: Scizor|188/243\n|\n|-weather|RainDance|[upkeep]\n|-heal|p1a: Eldegoss|175/254|[from] item: Leftovers\n|upkeep\n|turn|9\n|\n|t:|1685155404\n|switch|p1a: Nidoqueen|Nidoqueen, L84, F|288/288\n|-damage|p1a: Nidoqueen|270/288|[from] Stealth Rock\n|move|p2a: Scizor|Dual Wingbeat|p1a: Nidoqueen\n|-damage|p1a: Nidoqueen|208/288\n|-damage|p1a: Nidoqueen|143/288\n|-hitcount|p1a: Nidoqueen|2\n|-damage|p2a: Scizor|164/243|[from] item: Life Orb\n|\n|-weather|none\n|upkeep\n|turn|10\n|\n|t:|1685155453\n|switch|p2a: Hitmonlee|Hitmonlee, L84, M|221/221\n|-damage|p2a: Hitmonlee|208/221|[from] Stealth Rock\n|move|p1a: Nidoqueen|Earth Power|p2a: Hitmonlee\n|-damage|p2a: Hitmonlee|101/221\n|\n|upkeep\n|turn|11\n|\n|t:|1685155477\n|move|p2a: Hitmonlee|High Jump Kick|p1a: Nidoqueen\n|-resisted|p1a: Nidoqueen\n|-damage|p1a: Nidoqueen|0 fnt\n|faint|p1a: Nidoqueen\n|\n|upkeep\n|\n|t:|1685155510\n|switch|p1a: Mienshao|Mienshao, L82, F|122/241\n|-damage|p1a: Mienshao|107/241|[from] Stealth Rock\n|turn|12\n|\n|t:|1685155539\n|move|p1a: Mienshao|Close Combat|p2a: Hitmonlee\n|-damage|p2a: Hitmonlee|0 fnt\n|-unboost|p1a: Mienshao|def|1\n|-unboost|p1a: Mienshao|spd|1\n|faint|p2a: Hitmonlee\n|\n|upkeep\n|\n|t:|1685155543\n|switch|p2a: Scizor|Scizor, L80, M|164/243\n|-damage|p2a: Scizor|134/243|[from] Stealth Rock\n|turn|13\n|\n|t:|1685155595\n|switch|p1a: Eldegoss|Eldegoss, L90, F|254/254\n|-damage|p1a: Eldegoss|223/254|[from] Stealth Rock\n|move|p2a: Scizor|Dual Wingbeat|p1a: Eldegoss\n|-supereffective|p1a: Eldegoss\n|-damage|p1a: Eldegoss|93/254\n|-supereffective|p1a: Eldegoss\n|-damage|p1a: Eldegoss|0 fnt\n|faint|p1a: Eldegoss\n|-hitcount|p1: Eldegoss|2\n|-damage|p2a: Scizor|110/243|[from] item: Life Orb\n|\n|upkeep\n|\n|t:|1685155601\n|switch|p1a: Mienshao|Mienshao, L82, F|187/241\n|-damage|p1a: Mienshao|172/241|[from] Stealth Rock\n|turn|14\n|\n|t:|1685155609\n|switch|p2a: Aurorus|Aurorus, L84, M|344/344\n|-weather|Hail|[from] ability: Snow Warning|[of] p2a: Aurorus\n|move|p1a: Mienshao|Close Combat|p2a: Aurorus\n|-supereffective|p2a: Aurorus\n|-damage|p2a: Aurorus|0 fnt\n|-unboost|p1a: Mienshao|def|1\n|-unboost|p1a: Mienshao|spd|1\n|faint|p2a: Aurorus\n|\n|-weather|Hail|[upkeep]\n|-damage|p1a: Mienshao|157/241|[from] Hail\n|upkeep\n|\n|t:|1685155619\n|switch|p2a: Scizor|Scizor, L80, M|110/243\n|-damage|p2a: Scizor|80/243|[from] Stealth Rock\n|turn|15\n|\n|t:|1685155633\n|-start|p1a: Mienshao|Dynamax|\n|-heal|p1a: Mienshao|314/482|[silent]\n|move|p1a: Mienshao|Max Knuckle|p2a: Scizor\n|-damage|p2a: Scizor|0 fnt\n|-boost|p1a: Mienshao|atk|1\n|faint|p2a: Scizor\n|\n|-weather|Hail|[upkeep]\n|-damage|p1a: Mienshao|299/482|[from] Hail\n|upkeep\n|\n|t:|1685155637\n|switch|p2a: Seaking|Seaking, L88, M|284/284\n|-damage|p2a: Seaking|249/284|[from] Stealth Rock\n|turn|16\n|\n|t:|1685155661\n|-start|p2a: Seaking|Dynamax|\n|-heal|p2a: Seaking|498/568|[silent]\n|move|p1a: Mienshao|Max Knuckle|p2a: Seaking\n|-damage|p2a: Seaking|296/568\n|-boost|p1a: Mienshao|atk|1\n|move|p2a: Seaking|Max Geyser|p1a: Mienshao\n|-damage|p1a: Mienshao|0 fnt\n|-weather|RainDance\n|faint|p1a: Mienshao\n|-damage|p2a: Seaking|268/568|[from] item: Life Orb\n|\n|-weather|RainDance|[upkeep]\n|upkeep\n|\n|t:|1685155708\n|switch|p1a: Ditto|Ditto, L76|198/198\n|-damage|p1a: Ditto|174/198|[from] Stealth Rock\n|-transform|p1a: Ditto|p2a: Seaking|[from] ability: Imposter\n|turn|17\n|\n|t:|1685155781\n|move|p1a: Ditto|Waterfall|p2a: Seaking\n|-resisted|p2a: Seaking\n|-damage|p2a: Seaking|205/568\n|move|p2a: Seaking|Max Flutterby|p1a: Ditto\n|-damage|p1a: Ditto|22/198\n|-unboost|p1a: Ditto|spa|1\n|-damage|p2a: Seaking|177/568|[from] item: Life Orb\n|\n|-weather|RainDance|[upkeep]\n|upkeep\n|turn|18\n|\n|t:|1685155815\n|move|p1a: Ditto|Waterfall|p2a: Seaking\n|-resisted|p2a: Seaking\n|-damage|p2a: Seaking|111/568\n|move|p2a: Seaking|Max Geyser|p1a: Ditto\n|-resisted|p1a: Ditto\n|-damage|p1a: Ditto|0 fnt\n|faint|p1a: Ditto\n|-damage|p2a: Seaking|83/568|[from] item: Life Orb\n|\n|-weather|RainDance|[upkeep]\n|upkeep\n|\n|t:|1685155844\n|switch|p1a: Scyther|Scyther, L81, M|246/246\n|-end|p2a: Seaking|Dynamax\n|-heal|p2a: Seaking|42/284|[silent]\n|turn|19\n|\n|t:|1685155866\n|move|p2a: Seaking|Waterfall|p1a: Scyther\n|-damage|p1a: Scyther|47/246\n|-damage|p2a: Seaking|14/284|[from] item: Life Orb\n|cant|p1a: Scyther|flinch\n|\n|-weather|RainDance|[upkeep]\n|upkeep\n|turn|20\n|c|\u2606woopre|unfort\n|\n|t:|1685155918\n|move|p2a: Seaking|Waterfall|p1a: Scyther\n|-damage|p1a: Scyther|0 fnt\n|faint|p1a: Scyther\n|-damage|p2a: Seaking|0 fnt|[from] item: Life Orb\n|faint|p2a: Seaking\n|\n|-weather|none\n|upkeep\n|\n|t:|1685155921\n|switch|p1a: Mamoswine|Mamoswine, L80, F|269/307\n|switch|p2a: Kingdra|Kingdra, L82, M|168/257 slp\n|-damage|p2a: Kingdra|136/257 slp|[from] Stealth Rock\n|-damage|p1a: Mamoswine|231/307|[from] Stealth Rock\n|turn|21\n|\n|t:|1685155958\n|-curestatus|p2a: Kingdra|slp|[msg]\n|move|p2a: Kingdra|Hydro Pump|p1a: Mamoswine\n|-supereffective|p1a: Mamoswine\n|-damage|p1a: Mamoswine|0 fnt\n|faint|p1a: Mamoswine\n|-damage|p2a: Kingdra|111/257|[from] item: Life Orb\n|\n|win|woopre\n|c|\u2606piaa|well\n|c|\u2606piaa|gg\n|c|\u2606woopre|oh damn\n|c|\u2606woopre|gg\n|l|\u2606piaa\n", "inputlog": ">version d74822bbc74c095aa312053f7034baee3068d99e\n>start {\"formatid\":\"gen8randombattle\",\"seed\":[32534,33977,28653,26621]}\n>player p1 {\"name\":\"piaa\",\"avatar\":\"#rbtt6teamchienpaof\",\"rating\":0,\"seed\":[15851,60727,12981,47694]}\n>player p2 {\"name\":\"woopre\",\"avatar\":\"cynthia-anime2\",\"rating\":0,\"seed\":[55644,45578,51592,60264]}\n>p1 move stealthrock\n>p2 move stealthrock\n>p1 switch 6\n>p2 move blizzard\n>p1 move uturn\n>p2 switch 3\n>p1 switch 2\n>p1 move superpower\n>p2 move explosion\n>p2 switch 6\n>p1 switch 3\n>p2 move raindance\n>p1 move sleeppowder\n>p2 move hurricane\n>p1 move leechseed\n>p2 move hurricane\n>p1 move energyball\n>p2 switch 4\n>p1 switch 5\n>p2 move dualwingbeat\n>p1 move earthpower\n>p2 switch 5\n>p1 move earthpower\n>p2 move highjumpkick\n>p1 switch 2\n>p1 move closecombat\n>p2 move highjumpkick\n>p2 switch 5\n>p1 switch 5\n>p2 move dualwingbeat\n>p1 switch 5\n>p1 move closecombat\n>p2 switch 3\n>p2 switch 3\n>p1 move closecombat dynamax\n>p2 move dualwingbeat\n>p2 switch 2\n>p1 move closecombat dynamax\n>p2 move waterfall dynamax\n>p1 switch 6\n>p1 move waterfall\n>p2 move megahorn dynamax\n>p1 move waterfall\n>p2 move waterfall dynamax\n>p1 switch 4\n>p1 move uturn\n>p2 move waterfall\n>chat \u2606woopre|unfort\n>p1 move uturn\n>p2 move waterfall\n>p1 switch 3\n>p2 switch 4\n>p1 move earthquake\n>p2 move hydropump", "uploadtime": 1685155965, "views": 16, "p1id": "piaa", "p2id": "woopre", "formatid": "gen8randombattle", "rating": 0, "private": 0, "password": ""}