{"id": "gen8randombattle-1872972370", "p1": "Andrew2079", "p2": "gareeb adani", "format": "[Gen 8] Random Battle", "log": "|j|\u2606Andrew2079\n|j|\u2606gareeb adani\n|t:|1685307177\n|gametype|singles\n|player|p1|Andrew2079|palmer|1303\n|player|p2|gareeb adani|2|1530\n|teamsize|p1|6\n|teamsize|p2|6\n|gen|8\n|tier|[Gen 8] Random Battle\n|rated|\n|rule|Species Clause: Limit one of each Pok\u00e9mon\n|rule|HP Percentage Mod: HP is shown in percentages\n|rule|Sleep Clause Mod: Limit one foe put to sleep\n|\n|t:|1685307177\n|start\n|switch|p1a: Drednaw|Drednaw, L84, M|288/288\n|switch|p2a: Thundurus|Thundurus-Therian, L80, M|258/258\n|turn|1\n|inactive|Battle timer is ON: inactive players will automatically lose when time's up. (requested by gareeb adani)\n|\n|t:|1685307191\n|switch|p1a: Torkoal|Torkoal, L86, M|261/261\n|-weather|SunnyDay|[from] ability: Drought|[of] p1a: Torkoal\n|move|p2a: Thundurus|Thunderbolt|p1a: Torkoal\n|-damage|p1a: Torkoal|117/261\n|\n|-weather|SunnyDay|[upkeep]\n|upkeep\n|turn|2\n|\n|t:|1685307205\n|move|p2a: Thundurus|Thunderbolt|p1a: Torkoal\n|-damage|p1a: Torkoal|0 fnt\n|faint|p1a: Torkoal\n|\n|-weather|SunnyDay|[upkeep]\n|upkeep\n|\n|t:|1685307211\n|switch|p1a: Mr. Rime|Mr. Rime, L86, F|278/278\n|turn|3\n|\n|t:|1685307219\n|switch|p2a: Genesect|Genesect-Douse, L74|227/227\n|-ability|p2a: Genesect|Download|boost\n|-boost|p2a: Genesect|atk|1\n|move|p1a: Mr. Rime|Freeze-Dry|p2a: Genesect\n|-resisted|p2a: Genesect\n|-damage|p2a: Genesect|182/227\n|\n|-weather|SunnyDay|[upkeep]\n|upkeep\n|turn|4\n|\n|t:|1685307234\n|move|p2a: Genesect|Iron Head|p1a: Mr. Rime\n|-supereffective|p1a: Mr. Rime\n|-damage|p1a: Mr. Rime|6/278\n|cant|p1a: Mr. Rime|flinch\n|\n|-weather|SunnyDay|[upkeep]\n|upkeep\n|turn|5\n|\n|t:|1685307262\n|move|p2a: Genesect|Iron Head|p1a: Mr. Rime\n|-supereffective|p1a: Mr. Rime\n|-damage|p1a: Mr. Rime|0 fnt\n|faint|p1a: Mr. Rime\n|\n|-weather|none\n|upkeep\n|\n|t:|1685307273\n|switch|p1a: Flygon|Flygon, L80, F|259/259\n|turn|6\n|\n|t:|1685307278\n|switch|p2a: Kyogre|Kyogre, L72|263/263\n|-weather|RainDance|[from] ability: Drizzle|[of] p2a: Kyogre\n|move|p1a: Flygon|Fire Punch|p2a: Kyogre\n|-resisted|p2a: Kyogre\n|-damage|p2a: Kyogre|246/263\n|-damage|p1a: Flygon|234/259|[from] item: Life Orb\n|\n|-weather|RainDance|[upkeep]\n|-heal|p2a: Kyogre|262/263|[from] item: Leftovers\n|upkeep\n|turn|7\n|\n|t:|1685307282\n|move|p1a: Flygon|Outrage|p2a: Kyogre\n|-damage|p2a: Kyogre|70/263\n|-damage|p1a: Flygon|209/259|[from] item: Life Orb\n|move|p2a: Kyogre|Ice Beam|p1a: Flygon\n|-supereffective|p1a: Flygon\n|-damage|p1a: Flygon|0 fnt\n|faint|p1a: Flygon\n|\n|-weather|RainDance|[upkeep]\n|-heal|p2a: Kyogre|86/263|[from] item: Leftovers\n|upkeep\n|\n|t:|1685307287\n|switch|p1a: Hitmontop|Hitmontop, L85, M|224/224\n|turn|8\n|\n|t:|1685307296\n|switch|p2a: Latios|Latios, L78, M|253/253\n|move|p1a: Hitmontop|Rapid Spin|p2a: Latios\n|-damage|p2a: Latios|196/253\n|-boost|p1a: Hitmontop|spe|1\n|\n|-weather|RainDance|[upkeep]\n|upkeep\n|turn|9\n|\n|t:|1685307304\n|move|p1a: Hitmontop|Triple Axel|p2a: Latios\n|-supereffective|p2a: Latios\n|-damage|p2a: Latios|150/253\n|-supereffective|p2a: Latios\n|-damage|p2a: Latios|50/253\n|-hitcount|p2a: Latios|2\n|move|p2a: Latios|Psyshock|p1a: Hitmontop\n|-supereffective|p1a: Hitmontop\n|-damage|p1a: Hitmontop|24/224\n|\n|-weather|RainDance|[upkeep]\n|upkeep\n|turn|10\n|inactive|gareeb adani has 120 seconds left.\n|\n|t:|1685307356\n|switch|p2a: Gastrodon|Gastrodon, L84, M|324/324\n|move|p1a: Hitmontop|Triple Axel|p2a: Gastrodon\n|-damage|p2a: Gastrodon|294/324\n|-damage|p2a: Gastrodon|245/324\n|-hitcount|p2a: Gastrodon|2\n|\n|-weather|none\n|-heal|p2a: Gastrodon|265/324|[from] item: Leftovers\n|upkeep\n|turn|11\n|\n|t:|1685307369\n|move|p1a: Hitmontop|Close Combat|p2a: Gastrodon\n|-damage|p2a: Gastrodon|117/324\n|-unboost|p1a: Hitmontop|def|1\n|-unboost|p1a: Hitmontop|spd|1\n|move|p2a: Gastrodon|Earthquake|p1a: Hitmontop\n|-damage|p1a: Hitmontop|0 fnt\n|faint|p1a: Hitmontop\n|\n|-heal|p2a: Gastrodon|137/324|[from] item: Leftovers\n|upkeep\n|\n|t:|1685307373\n|switch|p1a: Drednaw|Drednaw, L84, M|288/288\n|turn|12\n|inactive|gareeb adani has 120 seconds left.\n|\n|t:|1685307397\n|move|p1a: Drednaw|Superpower|p2a: Gastrodon\n|-damage|p2a: Gastrodon|0 fnt\n|-unboost|p1a: Drednaw|atk|1\n|-unboost|p1a: Drednaw|def|1\n|faint|p2a: Gastrodon\n|-damage|p1a: Drednaw|260/288|[from] item: Life Orb\n|\n|upkeep\n|\n|t:|1685307405\n|switch|p2a: Thundurus|Thundurus-Therian, L80, M|258/258\n|turn|13\n|\n|t:|1685307409\n|move|p2a: Thundurus|Thunderbolt|p1a: Drednaw\n|-supereffective|p1a: Drednaw\n|-damage|p1a: Drednaw|0 fnt\n|faint|p1a: Drednaw\n|\n|upkeep\n|\n|t:|1685307414\n|switch|p1a: Heracross|Heracross, L82, M|265/265\n|turn|14\n|\n|t:|1685307421\n|switch|p2a: Latios|Latios, L78, M|50/253\n|-start|p1a: Heracross|Dynamax|\n|-heal|p1a: Heracross|530/530|[silent]\n|move|p1a: Heracross|Max Strike|p2a: Latios\n|-damage|p2a: Latios|0 fnt\n|faint|p2a: Latios\n|\n|-status|p1a: Heracross|brn|[from] item: Flame Orb\n|upkeep\n|\n|t:|1685307426\n|switch|p2a: Garchomp|Garchomp, L74, F|282/282\n|turn|15\n|\n|t:|1685307431\n|move|p2a: Garchomp|Outrage|p1a: Heracross\n|-damage|p1a: Heracross|377/530 brn\n|move|p1a: Heracross|Max Flutterby|p2a: Garchomp\n|-damage|p2a: Garchomp|29/282\n|-unboost|p2a: Garchomp|spa|1\n|\n|-damage|p1a: Heracross|361/530 brn|[from] brn\n|upkeep\n|turn|16\n|\n|t:|1685307450\n|move|p2a: Garchomp|Outrage|p1a: Heracross|[from]lockedmove\n|-damage|p1a: Heracross|211/530 brn\n|-start|p2a: Garchomp|confusion|[fatigue]\n|move|p1a: Heracross|Max Knuckle|p2a: Garchomp\n|-damage|p2a: Garchomp|0 fnt\n|-boost|p1a: Heracross|atk|1\n|faint|p2a: Garchomp\n|\n|-damage|p1a: Heracross|195/530 brn|[from] brn\n|upkeep\n|\n|t:|1685307454\n|switch|p2a: Genesect|Genesect-Douse, L74|182/227\n|-ability|p2a: Genesect|Download|boost\n|-boost|p2a: Genesect|atk|1\n|-end|p1a: Heracross|Dynamax\n|-heal|p1a: Heracross|98/265 brn|[silent]\n|turn|17\n|\n|t:|1685307468\n|move|p2a: Genesect|Iron Head|p1a: Heracross\n|-damage|p1a: Heracross|0 fnt\n|faint|p1a: Heracross\n|\n|win|gareeb adani\n|raw|Andrew2079's rating: 1303 &rarr; <strong>1294</strong><br />(-9 for losing)\n|raw|gareeb adani's rating: 1507 &rarr; <strong>1516</strong><br />(+9 for winning)\n", "inputlog": ">version d74822bbc74c095aa312053f7034baee3068d99e\n>start {\"formatid\":\"gen8randombattle\",\"seed\":[28067,11467,6019,47130],\"rated\":\"Rated battle\"}\n>player p1 {\"name\":\"Andrew2079\",\"avatar\":\"palmer\",\"rating\":1303,\"seed\":[62906,30720,18567,45428]}\n>player p2 {\"name\":\"gareeb adani\",\"avatar\":\"2\",\"rating\":1530,\"seed\":[57233,47507,59299,53563]}\n>p1 switch 5\n>p2 move thunderbolt\n>p1 move lavaplume\n>p2 move thunderbolt\n>p1 switch 3\n>p1 move freezedry\n>p2 switch 4\n>p1 move focusblast\n>p2 move ironhead\n>p1 move slackoff\n>p2 move ironhead\n>p1 switch 4\n>p1 move firepunch\n>p2 switch 5\n>p1 move outrage\n>p2 move icebeam\n>p1 switch 2\n>p1 move rapidspin\n>p2 switch 6\n>p1 move tripleaxel\n>p2 move psyshock\n>p1 move tripleaxel\n>p2 switch 3\n>p1 move closecombat\n>p2 move earthquake\n>p1 switch 5\n>p1 move superpower\n>p2 move earthquake\n>p2 switch 4\n>p1 move stoneedge\n>p2 move thunderbolt\n>p1 switch 6\n>p1 move facade dynamax\n>p2 switch 3\n>p2 switch 2\n>p1 move megahorn dynamax\n>p2 move outrage\n>p1 move closecombat dynamax\n>p2 move outrage\n>p2 switch 5\n>p1 move facade\n>p2 move ironhead", "uploadtime": 1685307475, "views": 5, "p1id": "andrew2079", "p2id": "gareebadani", "formatid": "gen8randombattle", "rating": 1294, "private": 0, "password": ""}