{"id": "gen8randombattle-1713656823", "p1": "ewex", "p2": "Boris Huang - YT", "format": "[Gen 8] Random Battle", "log": "|j|\u2606ewex\n|j|\u2606Boris Huang - YT\n|t:|1668723158\n|gametype|singles\n|player|p1|ewex|1|2400\n|player|p2|Boris Huang - YT|#teamgapdos|2539\n|teamsize|p1|6\n|teamsize|p2|6\n|gen|8\n|tier|[Gen 8] Random Battle\n|rated|\n|rule|Species Clause: Limit one of each Pok\u00e9mon\n|rule|HP Percentage Mod: HP is shown in percentages\n|rule|Sleep Clause Mod: Limit one foe put to sleep\n|\n|t:|1668723158\n|start\n|switch|p1a: Clefable|Clefable, L82, F|290/290\n|switch|p2a: Lanturn|Lanturn, L86, F|355/355\n|turn|1\n|inactive|Battle timer is ON: inactive players will automatically lose when time's up. (requested by Boris Huang - YT)\n|\n|t:|1668723169\n|move|p2a: Lanturn|Volt Switch|p1a: Clefable\n|-damage|p1a: Clefable|221/290\n|\n|t:|1668723177\n|switch|p2a: Clefable|Clefable, L82, F|290/290\n|move|p1a: Clefable|Moonblast|p2a: Clefable\n|-damage|p2a: Clefable|164/290\n|\n|upkeep\n|turn|2\n|\n|t:|1668723180\n|move|p2a: Clefable|Soft-Boiled|p2a: Clefable\n|-heal|p2a: Clefable|290/290\n|move|p1a: Clefable|Moonblast|p2a: Clefable\n|-damage|p2a: Clefable|173/290\n|-unboost|p2a: Clefable|spa|1\n|\n|upkeep\n|turn|3\n|\n|t:|1668723185\n|move|p1a: Clefable|Moonblast|p2a: Clefable\n|-damage|p2a: Clefable|39/290\n|move|p2a: Clefable|Soft-Boiled|p2a: Clefable\n|-heal|p2a: Clefable|184/290\n|\n|upkeep\n|turn|4\n|\n|t:|1668723188\n|move|p1a: Clefable|Moonblast|p2a: Clefable\n|-damage|p2a: Clefable|55/290\n|move|p2a: Clefable|Soft-Boiled|p2a: Clefable\n|-heal|p2a: Clefable|200/290\n|\n|upkeep\n|turn|5\n|\n|t:|1668723189\n|move|p1a: Clefable|Moonblast|p2a: Clefable\n|-damage|p2a: Clefable|67/290\n|move|p2a: Clefable|Soft-Boiled|p2a: Clefable\n|-heal|p2a: Clefable|212/290\n|\n|upkeep\n|turn|6\n|\n|t:|1668723191\n|move|p1a: Clefable|Moonblast|p2a: Clefable\n|-damage|p2a: Clefable|95/290\n|-unboost|p2a: Clefable|spa|1\n|move|p2a: Clefable|Soft-Boiled|p2a: Clefable\n|-heal|p2a: Clefable|240/290\n|\n|upkeep\n|turn|7\n|\n|t:|1668723202\n|move|p1a: Clefable|Calm Mind|p1a: Clefable\n|-boost|p1a: Clefable|spa|1\n|-boost|p1a: Clefable|spd|1\n|move|p2a: Clefable|Moonblast|p1a: Clefable\n|-damage|p1a: Clefable|177/290\n|\n|upkeep\n|turn|8\n|\n|t:|1668723205\n|move|p2a: Clefable|Calm Mind|p2a: Clefable\n|-boost|p2a: Clefable|spa|1\n|-boost|p2a: Clefable|spd|1\n|move|p1a: Clefable|Moonblast|p2a: Clefable\n|-damage|p2a: Clefable|110/290\n|\n|upkeep\n|turn|9\n|\n|t:|1668723207\n|move|p1a: Clefable|Moonblast|p2a: Clefable\n|-damage|p2a: Clefable|0 fnt\n|faint|p2a: Clefable\n|\n|upkeep\n|\n|t:|1668723212\n|switch|p2a: Kabutops|Kabutops, L82, M|233/233\n|turn|10\n|\n|t:|1668723235\n|-start|p2a: Kabutops|Dynamax|\n|-heal|p2a: Kabutops|466/466|[silent]\n|move|p2a: Kabutops|Max Geyser|p1a: Clefable\n|-damage|p1a: Clefable|0 fnt\n|-weather|RainDance\n|faint|p1a: Clefable\n|-damage|p2a: Kabutops|443/466|[from] item: Life Orb\n|\n|-weather|RainDance|[upkeep]\n|upkeep\n|\n|t:|1668723244\n|switch|p1a: Celebi|Celebi, L82|298/298\n|turn|11\n|\n|t:|1668723248\n|-start|p1a: Celebi|Dynamax|\n|-heal|p1a: Celebi|596/596|[silent]\n|move|p2a: Kabutops|Max Darkness|p1a: Celebi\n|-supereffective|p1a: Celebi\n|-damage|p1a: Celebi|378/596\n|-unboost|p1a: Celebi|spd|1\n|-damage|p2a: Kabutops|420/466|[from] item: Life Orb\n|move|p1a: Celebi|Max Overgrowth|p2a: Kabutops\n|-supereffective|p2a: Kabutops\n|-damage|p2a: Kabutops|0 fnt\n|-fieldstart|move: Grassy Terrain\n|faint|p2a: Kabutops\n|\n|-weather|RainDance|[upkeep]\n|-heal|p1a: Celebi|396/596|[from] Grassy Terrain\n|-heal|p1a: Celebi|414/596|[from] item: Leftovers\n|upkeep\n|\n|t:|1668723257\n|switch|p2a: Passimian|Passimian, L82, F|298/298\n|turn|12\n|\n|t:|1668723261\n|move|p2a: Passimian|U-turn|p1a: Celebi\n|-supereffective|p1a: Celebi\n|-crit|p1a: Celebi\n|-damage|p1a: Celebi|86/596\n|\n|t:|1668723263\n|switch|p2a: Porygon-Z|Porygon-Z, L80|267/267\n|move|p1a: Celebi|Max Overgrowth|p2a: Porygon-Z\n|-damage|p2a: Porygon-Z|53/267\n|\n|-weather|RainDance|[upkeep]\n|-heal|p1a: Celebi|104/596|[from] Grassy Terrain\n|-heal|p1a: Celebi|122/596|[from] item: Leftovers\n|-heal|p2a: Porygon-Z|69/267|[from] Grassy Terrain\n|upkeep\n|turn|13\n|\n|t:|1668723267\n|move|p1a: Celebi|Max Overgrowth|p2a: Porygon-Z\n|-damage|p2a: Porygon-Z|0 fnt\n|faint|p2a: Porygon-Z\n|\n|-weather|RainDance|[upkeep]\n|-heal|p1a: Celebi|140/596|[from] Grassy Terrain\n|-heal|p1a: Celebi|158/596|[from] item: Leftovers\n|upkeep\n|\n|t:|1668723269\n|switch|p2a: Passimian|Passimian, L82, F|298/298\n|-end|p1a: Celebi|Dynamax\n|-heal|p1a: Celebi|79/298|[silent]\n|turn|14\n|\n|t:|1668723279\n|switch|p1a: Ninjask|Ninjask, L86, M|245/245\n|move|p2a: Passimian|U-turn|p1a: Ninjask\n|-resisted|p1a: Ninjask\n|-damage|p1a: Ninjask|203/245\n|\n|t:|1668723280\n|switch|p2a: Rhydon|Rhydon, L87, F|324/324\n|\n|-weather|none\n|upkeep\n|turn|15\n|\n|t:|1668723284\n|move|p1a: Ninjask|U-turn|p2a: Rhydon\n|-damage|p2a: Rhydon|287/324\n|\n|t:|1668723293\n|switch|p1a: Duraludon|Duraludon, L84, F|255/255\n|move|p2a: Rhydon|Stealth Rock|p1a: Duraludon\n|-sidestart|p1: ewex|move: Stealth Rock\n|\n|-heal|p2a: Rhydon|307/324|[from] Grassy Terrain\n|-fieldend|move: Grassy Terrain\n|upkeep\n|turn|16\n|\n|t:|1668723306\n|move|p1a: Duraludon|Flash Cannon|p2a: Rhydon\n|-supereffective|p2a: Rhydon\n|-damage|p2a: Rhydon|119/324\n|move|p2a: Rhydon|Earthquake|p1a: Duraludon\n|-supereffective|p1a: Duraludon\n|-damage|p1a: Duraludon|21/255\n|\n|upkeep\n|turn|17\n|\n|t:|1668723310\n|switch|p2a: Lanturn|Lanturn, L86, F|355/355\n|move|p1a: Duraludon|Body Press|p2a: Lanturn\n|-damage|p2a: Lanturn|266/355\n|\n|-heal|p2a: Lanturn|288/355|[from] item: Leftovers\n|upkeep\n|turn|18\n|\n|t:|1668723313\n|move|p1a: Duraludon|Draco Meteor|p2a: Lanturn\n|-damage|p2a: Lanturn|123/355\n|-unboost|p1a: Duraludon|spa|2\n|move|p2a: Lanturn|Volt Switch|p1a: Duraludon\n|-resisted|p1a: Duraludon\n|-damage|p1a: Duraludon|0 fnt\n|faint|p1a: Duraludon\n|\n|t:|1668723317\n|switch|p2a: Passimian|Passimian, L82, F|298/298\n|\n|upkeep\n|\n|t:|1668723326\n|switch|p1a: Ninjask|Ninjask, L86, M|203/245\n|-damage|p1a: Ninjask|81/245|[from] Stealth Rock\n|turn|19\n|\n|t:|1668723334\n|switch|p2a: Rhydon|Rhydon, L87, F|119/324\n|move|p1a: Ninjask|Swords Dance|p1a: Ninjask\n|-boost|p1a: Ninjask|atk|2\n|\n|-ability|p1a: Ninjask|Speed Boost|boost\n|-boost|p1a: Ninjask|spe|1\n|upkeep\n|turn|20\n|\n|t:|1668723338\n|move|p1a: Ninjask|Leech Life|p2a: Rhydon\n|-damage|p2a: Rhydon|32/324\n|-heal|p1a: Ninjask|125/245|[from] drain|[of] p2a: Rhydon\n|move|p2a: Rhydon|Stone Edge|p1a: Ninjask\n|-supereffective|p1a: Ninjask\n|-damage|p1a: Ninjask|0 fnt\n|faint|p1a: Ninjask\n|\n|upkeep\n|\n|t:|1668723352\n|switch|p1a: Celebi|Celebi, L82|79/298\n|-damage|p1a: Celebi|42/298|[from] Stealth Rock\n|turn|21\n|\n|t:|1668723360\n|move|p1a: Celebi|Earth Power|p2a: Rhydon\n|-supereffective|p2a: Rhydon\n|-damage|p2a: Rhydon|0 fnt\n|faint|p2a: Rhydon\n|\n|-heal|p1a: Celebi|60/298|[from] item: Leftovers\n|upkeep\n|\n|t:|1668723362\n|switch|p2a: Passimian|Passimian, L82, F|298/298\n|turn|22\n|\n|t:|1668723369\n|move|p2a: Passimian|U-turn|p1a: Celebi\n|-supereffective|p1a: Celebi\n|-damage|p1a: Celebi|0 fnt\n|faint|p1a: Celebi\n|\n|t:|1668723370\n|switch|p2a: Lanturn|Lanturn, L86, F|123/355\n|\n|-heal|p2a: Lanturn|145/355|[from] item: Leftovers\n|upkeep\n|\n|t:|1668723372\n|switch|p1a: Azelf|Azelf, L82|257/257\n|-damage|p1a: Azelf|225/257|[from] Stealth Rock\n|turn|23\n|\n|t:|1668723394\n|move|p1a: Azelf|Psychic|p2a: Lanturn\n|-crit|p2a: Lanturn\n|-damage|p2a: Lanturn|0 fnt\n|faint|p2a: Lanturn\n|\n|-heal|p1a: Azelf|241/257|[from] item: Leftovers\n|upkeep\n|\n|t:|1668723397\n|switch|p2a: Passimian|Passimian, L82, F|298/298\n|turn|24\n|\n|t:|1668723400\n|move|p2a: Passimian|U-turn|p1a: Azelf\n|-supereffective|p1a: Azelf\n|-damage|p1a: Azelf|95/257\n|move|p1a: Azelf|Psychic|p2a: Passimian\n|-supereffective|p2a: Passimian\n|-damage|p2a: Passimian|0 fnt\n|faint|p2a: Passimian\n|\n|win|ewex\n|raw|ewex's rating: 2400 &rarr; <strong>2428</strong><br />(+28 for winning)\n|raw|Boris Huang - YT's rating: 2539 &rarr; <strong>2511</strong><br />(-28 for losing)\n|c|\u2606ewex|gg\n|c|\u2606Boris Huang - YT|gg\n|l|\u2606Boris Huang - YT\n||Ladder isn't responding, score probably updated but might not have (Request timeout).\n", "inputlog": ">version 453a3ad56483cc6a5c08448f6577d394b68621b7\n>start {\"formatid\":\"gen8randombattle\",\"seed\":[47341,20757,46592,15675],\"rated\":\"Rated battle\"}\n>player p1 {\"name\":\"ewex\",\"avatar\":\"1\",\"rating\":2400,\"seed\":[16251,23862,21984,49826]}\n>player p2 {\"name\":\"Boris Huang - YT\",\"avatar\":\"#teamgapdos\",\"rating\":2539,\"seed\":[174,22425,55336,28413]}\n>p1 move moonblast\n>p2 move voltswitch\n>p2 switch 3\n>p1 move moonblast\n>p2 move softboiled\n>p1 move moonblast\n>p2 move softboiled\n>p1 move moonblast\n>p2 move softboiled\n>p1 move moonblast\n>p2 move softboiled\n>p1 move moonblast\n>p2 move softboiled\n>p1 move calmmind\n>p2 move moonblast\n>p1 move moonblast\n>p2 move calmmind\n>p1 move moonblast\n>p2 move softboiled\n>p2 switch 2\n>p1 move moonblast\n>p2 move liquidation dynamax\n>p1 switch 4\n>p1 move leafstorm dynamax\n>p2 move knockoff dynamax\n>p2 switch 5\n>p1 move leafstorm dynamax\n>p2 move uturn\n>p2 switch 4\n>p1 move leafstorm dynamax\n>p2 move triattack\n>p2 switch 4\n>p1 switch 3\n>p2 move uturn\n>p2 switch 6\n>p1 move uturn\n>p2 move stealthrock\n>p1 switch 2\n>p1 move flashcannon\n>p2 move earthquake\n>p1 move bodypress\n>p2 switch 3\n>p1 move dracometeor\n>p2 move voltswitch\n>p2 switch 6\n>p1 switch 2\n>p1 move swordsdance\n>p2 switch 3\n>p1 move leechlife\n>p2 move stoneedge\n>p1 switch 3\n>p1 move earthpower\n>p2 move stoneedge\n>p2 switch 3\n>p1 move leafstorm\n>p2 move uturn\n>p2 switch 6\n>p1 switch 6\n>p1 move psychic\n>p2 move voltswitch\n>p2 switch 6\n>p1 move psychic\n>p2 move uturn", "uploadtime": 1668723475, "views": 10, "p1id": "ewex", "p2id": "borishuangyt", "formatid": "gen8randombattle", "rating": 2428, "private": 0, "password": null}