{"id": "gen8randombattle-1873646614", "p1": "UBD Maikel RT 1500", "p2": "AquaDragneel", "format": "[Gen 8] Random Battle", "log": "|j|\u2606UBD Maikel RT 1500\n|j|\u2606AquaDragneel\n|inactive|Battle timer is ON: inactive players will automatically lose when time's up.\n|t:|1685400731\n|gametype|singles\n|player|p1|UBD Maikel RT 1500|170|\n|player|p2|AquaDragneel|gladion|\n|teamsize|p1|6\n|teamsize|p2|6\n|gen|8\n|tier|[Gen 8] Random Battle\n|rated|Tournament battle\n|rule|Species Clause: Limit one of each Pok\u00e9mon\n|rule|HP Percentage Mod: HP is shown in percentages\n|rule|Sleep Clause Mod: Limit one foe put to sleep\n|\n|t:|1685400731\n|start\n|switch|p1a: Noctowl|Noctowl, L88, M|319/319\n|switch|p2a: Noctowl|Noctowl, L88, F|319/319\n|turn|1\n|\n|t:|1685400742\n|move|p2a: Noctowl|Hurricane|p1a: Noctowl\n|-damage|p1a: Noctowl|205/319\n|move|p1a: Noctowl|Nasty Plot|p1a: Noctowl\n|-boost|p1a: Noctowl|spa|2\n|\n|upkeep\n|turn|2\n|\n|t:|1685400753\n|move|p2a: Noctowl|Heat Wave|p1a: Noctowl\n|-damage|p1a: Noctowl|142/319\n|move|p1a: Noctowl|Hurricane|p2a: Noctowl\n|-damage|p2a: Noctowl|102/319\n|\n|upkeep\n|turn|3\n|\n|t:|1685400760\n|move|p1a: Noctowl|Roost|p1a: Noctowl\n|-heal|p1a: Noctowl|302/319\n|-singleturn|p1a: Noctowl|move: Roost\n|move|p2a: Noctowl|Roost|p2a: Noctowl\n|-heal|p2a: Noctowl|262/319\n|-singleturn|p2a: Noctowl|move: Roost\n|\n|upkeep\n|turn|4\n|\n|t:|1685400769\n|move|p2a: Noctowl|Hurricane|p1a: Noctowl\n|-damage|p1a: Noctowl|193/319\n|-start|p1a: Noctowl|confusion\n|-activate|p1a: Noctowl|confusion\n|move|p1a: Noctowl|Nasty Plot|p1a: Noctowl\n|-boost|p1a: Noctowl|spa|2\n|\n|upkeep\n|turn|5\n|\n|t:|1685400778\n|-end|p1a: Noctowl|confusion\n|move|p1a: Noctowl|Hurricane|p2a: Noctowl|[miss]\n|-miss|p1a: Noctowl|p2a: Noctowl\n|move|p2a: Noctowl|Heat Wave|p1a: Noctowl\n|-damage|p1a: Noctowl|137/319\n|\n|upkeep\n|turn|6\n|j| Botargas\n|\n|t:|1685400794\n|-start|p1a: Noctowl|Dynamax|\n|-heal|p1a: Noctowl|274/638|[silent]\n|move|p1a: Noctowl|Max Airstream|p2a: Noctowl\n|-damage|p2a: Noctowl|0 fnt\n|-boost|p1a: Noctowl|spe|1\n|faint|p2a: Noctowl\n|\n|upkeep\n|\n|t:|1685400813\n|switch|p2a: Mandibuzz|Mandibuzz, L82, F|315/315\n|turn|7\n|\n|t:|1685400817\n|move|p1a: Noctowl|Max Airstream|p2a: Mandibuzz\n|-damage|p2a: Mandibuzz|0 fnt\n|-boost|p1a: Noctowl|spe|1\n|faint|p2a: Mandibuzz\n|\n|upkeep\n|inactive|AquaDragneel has 120 seconds left.\n|\n|t:|1685400838\n|switch|p2a: Swampert|Swampert, L80, M|291/291\n|turn|8\n|\n|t:|1685400843\n|move|p2a: Swampert|Protect|p2a: Swampert\n|-singleturn|p2a: Swampert|Protect\n|move|p1a: Noctowl|Max Airstream|p2a: Swampert\n|-zbroken|p2a: Swampert\n|-damage|p2a: Swampert|167/291\n|-boost|p1a: Noctowl|spe|1\n|\n|-heal|p2a: Swampert|185/291|[from] item: Leftovers\n|upkeep\n|-end|p1a: Noctowl|Dynamax\n|-heal|p1a: Noctowl|137/319|[silent]\n|turn|9\n|\n|t:|1685400856\n|move|p1a: Noctowl|Roost|p1a: Noctowl\n|-heal|p1a: Noctowl|297/319\n|-singleturn|p1a: Noctowl|move: Roost\n|move|p2a: Swampert|Toxic|p1a: Noctowl\n|-status|p1a: Noctowl|tox\n|\n|-heal|p2a: Swampert|203/291|[from] item: Leftovers\n|-damage|p1a: Noctowl|278/319 tox|[from] psn\n|upkeep\n|turn|10\n|\n|t:|1685400877\n|move|p2a: Swampert|Protect|p2a: Swampert\n|-singleturn|p2a: Swampert|Protect\n|move|p1a: Noctowl|Hurricane|p2a: Swampert\n|-activate|p2a: Swampert|move: Protect\n|\n|-heal|p2a: Swampert|221/291|[from] item: Leftovers\n|-damage|p1a: Noctowl|240/319 tox|[from] psn\n|upkeep\n|turn|11\n|\n|t:|1685400886\n|move|p1a: Noctowl|Hurricane|p2a: Swampert\n|-damage|p2a: Swampert|0 fnt\n|faint|p2a: Swampert\n|\n|-damage|p1a: Noctowl|183/319 tox|[from] psn\n|upkeep\n|j| 6969qnzz\n|inactive|AquaDragneel has 120 seconds left.\n|j| AngelicaBae\n|j| Shipka\n|\n|t:|1685400936\n|switch|p2a: Indeedee|Indeedee-F, L85, F|258/258\n|-fieldstart|move: Psychic Terrain|[from] ability: Psychic Surge|[of] p2a: Indeedee\n|turn|12\n|\n|t:|1685400946\n|move|p1a: Noctowl|Heat Wave|p2a: Indeedee\n|-damage|p2a: Indeedee|92/258\n|move|p2a: Indeedee|Calm Mind|p2a: Indeedee\n|-boost|p2a: Indeedee|spa|1\n|-boost|p2a: Indeedee|spd|1\n|\n|-damage|p1a: Noctowl|107/319 tox|[from] psn\n|upkeep\n|turn|13\n|\n|t:|1685400957\n|move|p1a: Noctowl|Hurricane|p2a: Indeedee|[miss]\n|-miss|p1a: Noctowl|p2a: Indeedee\n|move|p2a: Indeedee|Expanding Force|p1a: Noctowl\n|-damage|p1a: Noctowl|0 fnt\n|faint|p1a: Noctowl\n|-damage|p2a: Indeedee|67/258|[from] item: Life Orb\n|\n|upkeep\n|\n|t:|1685400974\n|switch|p1a: Aegislash|Aegislash, L80, M|227/227\n|turn|14\n|inactive|AquaDragneel has 120 seconds left.\n|\n|t:|1685400997\n|move|p2a: Indeedee|Mystical Fire|p1a: Aegislash\n|-supereffective|p1a: Aegislash\n|-damage|p1a: Aegislash|61/227\n|-unboost|p1a: Aegislash|spa|1\n|-damage|p2a: Indeedee|42/258|[from] item: Life Orb\n|move|p1a: Aegislash|Substitute|p1a: Aegislash\n|-start|p1a: Aegislash|Substitute\n|-damage|p1a: Aegislash|5/227\n|\n|-heal|p1a: Aegislash|19/227|[from] item: Leftovers\n|upkeep\n|turn|15\n|c|\u2606UBD Maikel RT 1500|se viene remontada muchachos\n|c|\u2606AquaDragneel|no creo xd\n|\n|t:|1685401020\n|move|p2a: Indeedee|Expanding Force|p1a: Aegislash\n|-resisted|p1a: Aegislash\n|-end|p1a: Aegislash|Substitute\n|-damage|p2a: Indeedee|17/258|[from] item: Life Orb\n|move|p1a: Aegislash|Toxic|p2a: Indeedee\n|-status|p2a: Indeedee|tox\n|\n|-heal|p1a: Aegislash|33/227|[from] item: Leftovers\n|-damage|p2a: Indeedee|1/258 tox|[from] psn\n|upkeep\n|turn|16\n|\n|t:|1685401049\n|switch|p1a: Mandibuzz|Mandibuzz, L82, F|315/315\n|move|p2a: Indeedee|Expanding Force|p1a: Mandibuzz\n|-immune|p1a: Mandibuzz\n|\n|-damage|p2a: Indeedee|0 fnt|[from] psn\n|faint|p2a: Indeedee\n|-fieldend|move: Psychic Terrain\n|upkeep\n|\n|t:|1685401054\n|switch|p2a: Slurpuff|Slurpuff, L80, M|262/262\n|turn|17\n|\n|t:|1685401061\n|move|p1a: Mandibuzz|Toxic|p2a: Slurpuff|[miss]\n|-miss|p1a: Mandibuzz|p2a: Slurpuff\n|move|p2a: Slurpuff|Belly Drum|p2a: Slurpuff\n|-damage|p2a: Slurpuff|131/262\n|-setboost|p2a: Slurpuff|atk|6|[from] move: Belly Drum\n|-enditem|p2a: Slurpuff|Sitrus Berry|[eat]\n|-heal|p2a: Slurpuff|196/262|[from] item: Sitrus Berry\n|\n|upkeep\n|turn|18\n|\n|t:|1685401081\n|move|p2a: Slurpuff|Play Rough|p1a: Mandibuzz\n|-supereffective|p1a: Mandibuzz\n|-damage|p1a: Mandibuzz|0 fnt\n|faint|p1a: Mandibuzz\n|\n|upkeep\n|inactive|UBD Maikel RT 1500 has 120 seconds left.\n|\n|t:|1685401092\n|switch|p1a: Rhydon|Rhydon, L87, M|324/324\n|turn|19\n|\n|t:|1685401097\n|move|p2a: Slurpuff|Drain Punch|p1a: Rhydon\n|-supereffective|p1a: Rhydon\n|-damage|p1a: Rhydon|152/324\n|-heal|p2a: Slurpuff|262/262|[from] drain|[of] p1a: Rhydon\n|move|p1a: Rhydon|Earthquake|p2a: Slurpuff\n|-damage|p2a: Slurpuff|118/262\n|\n|upkeep\n|turn|20\n|\n|t:|1685401106\n|switch|p1a: Aegislash|Aegislash, L80, M|33/227\n|move|p2a: Slurpuff|Drain Punch|p1a: Aegislash\n|-immune|p1a: Aegislash\n|\n|-heal|p1a: Aegislash|47/227|[from] item: Leftovers\n|upkeep\n|turn|21\n|inactive|AquaDragneel has 120 seconds left.\n|\n|t:|1685401145\n|move|p2a: Slurpuff|Play Rough|p1a: Aegislash\n|-resisted|p1a: Aegislash\n|-damage|p1a: Aegislash|0 fnt\n|faint|p1a: Aegislash\n|\n|upkeep\n|\n|t:|1685401158\n|switch|p1a: Mew|Mew, L80|291/291\n|turn|22\n|inactive|AquaDragneel has 120 seconds left.\n|\n|t:|1685401179\n|move|p2a: Slurpuff|Play Rough|p1a: Mew\n|-damage|p1a: Mew|0 fnt\n|faint|p1a: Mew\n|\n|upkeep\n|\n|t:|1685401185\n|switch|p1a: Turtonator|Turtonator, L84, M|238/238\n|turn|23\n|inactive|AquaDragneel has 120 seconds left.\n|inactive|AquaDragneel has 90 seconds left.\n|\n|t:|1685401238\n|move|p2a: Slurpuff|Play Rough|p1a: Turtonator\n|-damage|p1a: Turtonator|40/238\n|move|p1a: Turtonator|Fire Blast|p2a: Slurpuff\n|-damage|p2a: Slurpuff|0 fnt\n|faint|p2a: Slurpuff\n|\n|upkeep\n|\n|t:|1685401240\n|switch|p2a: Froslass|Froslass, L84, F|255/255\n|turn|24\n|\n|t:|1685401251\n|move|p2a: Froslass|Poltergeist|p1a: Turtonator\n|-activate|p1a: Turtonator|move: Poltergeist|White Herb\n|-damage|p1a: Turtonator|0 fnt\n|faint|p1a: Turtonator\n|\n|upkeep\n|\n|t:|1685401257\n|switch|p1a: Rhydon|Rhydon, L87, M|152/324\n|turn|25\n|\n|t:|1685401261\n|-start|p2a: Froslass|Dynamax|\n|-heal|p2a: Froslass|510/510|[silent]\n|move|p2a: Froslass|Max Hailstorm|p1a: Rhydon\n|-supereffective|p1a: Rhydon\n|-damage|p1a: Rhydon|30/324\n|-weather|Hail\n|move|p1a: Rhydon|Stone Edge|p2a: Froslass\n|-supereffective|p2a: Froslass\n|-damage|p2a: Froslass|190/510\n|\n|-weather|Hail|[upkeep]\n|-damage|p1a: Rhydon|10/324|[from] Hail\n|upkeep\n|turn|26\n|\n|t:|1685401273\n|move|p2a: Froslass|Max Hailstorm|p1a: Rhydon\n|-supereffective|p1a: Rhydon\n|-damage|p1a: Rhydon|0 fnt\n|faint|p1a: Rhydon\n|\n|win|AquaDragneel\n|n|\u2606UBD Maikel RT 1500|ubdmaikelrt1500\n|n|\u2606AquaDragneel|aquadragneel\n|n| Botargas|botargas\n|n| 6969qnzz|6969qnzz\n|n| AngelicaBae|angelicabae\n|n| Shipka|shipka\n", "inputlog": ">version 6fec31d5a0d4498a06105aa188c9906bc0b6bf95\n>start {\"formatid\":\"gen8randombattle\",\"seed\":[7253,48784,28230,63218],\"rated\":\"Tournament battle\"}\n>player p1 {\"name\":\"UBD Maikel RT 1500\",\"avatar\":\"170\",\"rating\":0,\"seed\":[53829,26713,46274,20306]}\n>player p2 {\"name\":\"AquaDragneel\",\"avatar\":\"gladion\",\"rating\":0,\"seed\":[217,61214,23374,23948]}\n>p1 move nastyplot\n>p2 move hurricane\n>p1 move hurricane\n>p2 move heatwave\n>p1 move roost\n>p2 move roost\n>p1 move nastyplot\n>p2 move hurricane\n>p1 move hurricane\n>p2 move heatwave\n>p1 move hurricane dynamax\n>p2 move hurricane\n>p2 switch 2\n>p1 move hurricane dynamax\n>p2 move toxic\n>p2 switch 5\n>p1 move hurricane dynamax\n>p2 move protect\n>p1 move roost\n>p2 move toxic\n>p1 move hurricane\n>p2 move protect\n>p1 move hurricane\n>p2 move scald\n>p2 switch 3\n>p1 move heatwave\n>p2 move calmmind\n>p1 move hurricane\n>p2 move expandingforce\n>p1 switch 2\n>p1 move substitute\n>p2 move mysticalfire\n>chat \u2606UBD Maikel RT 1500|se viene remontada muchachos\n>chat \u2606AquaDragneel|no creo xd\n>p1 move toxic\n>p2 move expandingforce\n>p1 switch 3\n>p2 move expandingforce\n>p2 switch 4\n>p1 move toxic\n>p2 move bellydrum\n>p1 move toxic\n>p2 move playrough\n>p1 switch 5\n>p1 move earthquake\n>p2 move drainpunch\n>p1 switch 3\n>p2 move drainpunch\n>p1 move shadowball\n>p2 move playrough\n>p1 switch 4\n>p1 move flareblitz\n>p2 move playrough\n>p1 switch 6\n>p1 move fireblast\n>p2 move playrough\n>p2 switch 6\n>p1 move fireblast\n>p2 move poltergeist\n>p1 switch 3\n>p1 move stoneedge\n>p2 move tripleaxel dynamax\n>p1 move stoneedge\n>p2 move tripleaxel dynamax", "uploadtime": 1685401274, "views": 5, "p1id": "ubdmaikelrt1500", "p2id": "aquadragneel", "formatid": "gen8randombattle", "rating": 0, "private": 0, "password": ""}