{"id": "gen8randombattle-1873574326", "p1": "ddgdsd", "p2": "La.hellhound", "format": "[Gen 8] Random Battle", "log": "|j|\u2606ddgdsd\n|j|\u2606La.hellhound\n|t:|1685391848\n|gametype|singles\n|player|p1|ddgdsd|265|1367\n|player|p2|La.hellhound|bruno|1557\n|teamsize|p1|6\n|teamsize|p2|6\n|gen|8\n|tier|[Gen 8] Random Battle\n|rated|\n|rule|Species Clause: Limit one of each Pok\u00e9mon\n|rule|HP Percentage Mod: HP is shown in percentages\n|rule|Sleep Clause Mod: Limit one foe put to sleep\n|\n|t:|1685391848\n|start\n|switch|p1a: Venusaur|Venusaur, L82, M|265/265\n|switch|p2a: Kingdra|Kingdra, L82, M|257/257\n|turn|1\n|inactive|Battle timer is ON: inactive players will automatically lose when time's up. (requested by ddgdsd)\n|inactive|La.hellhound has 120 seconds left.\n|\n|t:|1685391887\n|switch|p2a: Chansey|Chansey, L84, F|557/557\n|move|p1a: Venusaur|Giga Drain|p2a: Chansey\n|-damage|p2a: Chansey|514/557\n|\n|upkeep\n|turn|2\n|\n|t:|1685391909\n|move|p1a: Venusaur|Leech Seed|p2a: Chansey\n|-start|p2a: Chansey|move: Leech Seed\n|move|p2a: Chansey|Stealth Rock|p1a: Venusaur\n|-sidestart|p1: ddgdsd|move: Stealth Rock\n|\n|-damage|p2a: Chansey|445/557|[from] Leech Seed|[of] p1a: Venusaur\n|upkeep\n|turn|3\n|\n|t:|1685391922\n|switch|p2a: Glalie|Glalie, L80, F|259/259\n|move|p1a: Venusaur|Substitute|p1a: Venusaur\n|-start|p1a: Venusaur|Substitute\n|-damage|p1a: Venusaur|199/265\n|\n|-heal|p1a: Venusaur|215/265|[from] item: Black Sludge\n|-ability|p2a: Glalie|Moody|boost\n|-boost|p2a: Glalie|spa|2\n|-unboost|p2a: Glalie|atk|1\n|upkeep\n|turn|4\n|\n|t:|1685391933\n|move|p1a: Venusaur|Sludge Bomb|p2a: Glalie\n|-damage|p2a: Glalie|153/259\n|-status|p2a: Glalie|psn\n|move|p2a: Glalie|Substitute|p2a: Glalie\n|-start|p2a: Glalie|Substitute\n|-damage|p2a: Glalie|89/259 psn\n|\n|-heal|p1a: Venusaur|231/265|[from] item: Black Sludge\n|-heal|p2a: Glalie|105/259 psn|[from] item: Leftovers\n|-damage|p2a: Glalie|73/259 psn|[from] psn\n|-ability|p2a: Glalie|Moody|boost\n|-boost|p2a: Glalie|spd|2\n|-unboost|p2a: Glalie|def|1\n|upkeep\n|turn|5\n|\n|t:|1685391952\n|move|p1a: Venusaur|Sludge Bomb|p2a: Glalie\n|-activate|p2a: Glalie|move: Substitute|[damage]\n|move|p2a: Glalie|Freeze-Dry|p1a: Venusaur\n|-supereffective|p1a: Venusaur\n|-end|p1a: Venusaur|Substitute\n|\n|-heal|p1a: Venusaur|247/265|[from] item: Black Sludge\n|-heal|p2a: Glalie|89/259 psn|[from] item: Leftovers\n|-damage|p2a: Glalie|57/259 psn|[from] psn\n|-ability|p2a: Glalie|Moody|boost\n|-boost|p2a: Glalie|def|2\n|-unboost|p2a: Glalie|atk|1\n|upkeep\n|turn|6\n|inactive|ddgdsd has 120 seconds left.\n|\n|t:|1685391971\n|move|p1a: Venusaur|Substitute|p1a: Venusaur\n|-start|p1a: Venusaur|Substitute\n|-damage|p1a: Venusaur|181/265\n|move|p2a: Glalie|Freeze-Dry|p1a: Venusaur\n|-supereffective|p1a: Venusaur\n|-end|p1a: Venusaur|Substitute\n|\n|-heal|p1a: Venusaur|197/265|[from] item: Black Sludge\n|-heal|p2a: Glalie|73/259 psn|[from] item: Leftovers\n|-damage|p2a: Glalie|41/259 psn|[from] psn\n|-ability|p2a: Glalie|Moody|boost\n|-boost|p2a: Glalie|spe|2\n|-unboost|p2a: Glalie|def|1\n|upkeep\n|turn|7\n|inactive|ddgdsd has 120 seconds left.\n|\n|t:|1685391993\n|move|p2a: Glalie|Freeze-Dry|p1a: Venusaur\n|-supereffective|p1a: Venusaur\n|-damage|p1a: Venusaur|0 fnt\n|faint|p1a: Venusaur\n|\n|-heal|p2a: Glalie|57/259 psn|[from] item: Leftovers\n|-damage|p2a: Glalie|25/259 psn|[from] psn\n|-ability|p2a: Glalie|Moody|boost\n|-boost|p2a: Glalie|spd|2\n|-unboost|p2a: Glalie|spe|1\n|upkeep\n|\n|t:|1685392008\n|switch|p1a: Klinklang|Klinklang, L84|238/238\n|-damage|p1a: Klinklang|224/238|[from] Stealth Rock\n|turn|8\n|\n|t:|1685392015\n|move|p2a: Glalie|Freeze-Dry|p1a: Klinklang\n|-resisted|p1a: Klinklang\n|-crit|p1a: Klinklang\n|-damage|p1a: Klinklang|139/238\n|move|p1a: Klinklang|Wild Charge|p2a: Glalie\n|-crit|p2a: Glalie\n|-end|p2a: Glalie|Substitute\n|-damage|p1a: Klinklang|136/238|[from] Recoil|[of] p2a: Glalie\n|\n|-heal|p2a: Glalie|41/259 psn|[from] item: Leftovers\n|-heal|p1a: Klinklang|150/238|[from] item: Leftovers\n|-damage|p2a: Glalie|9/259 psn|[from] psn\n|-ability|p2a: Glalie|Moody|boost\n|-boost|p2a: Glalie|atk|2\n|-unboost|p2a: Glalie|spe|1\n|upkeep\n|turn|9\n|\n|t:|1685392035\n|switch|p2a: Pikachu|Pikachu-World, L92, M|214/214\n|move|p1a: Klinklang|Wild Charge|p2a: Pikachu\n|-ability|p2a: Pikachu|Lightning Rod|boost\n|-boost|p2a: Pikachu|spa|1\n|\n|-heal|p1a: Klinklang|164/238|[from] item: Leftovers\n|upkeep\n|turn|10\n|\n|t:|1685392049\n|switch|p1a: Eternatus|Eternatus, L69|308/308\n|-damage|p1a: Eternatus|270/308|[from] Stealth Rock\n|-ability|p1a: Eternatus|Pressure\n|-start|p2a: Pikachu|Dynamax|\n|-heal|p2a: Pikachu|428/428|[silent]\n|move|p2a: Pikachu|Max Lightning|p1a: Eternatus\n|-resisted|p1a: Eternatus\n|-damage|p1a: Eternatus|105/308\n|-fieldstart|move: Electric Terrain\n|\n|upkeep\n|turn|11\n|\n|t:|1685392065\n|move|p1a: Eternatus|Recover|p1a: Eternatus\n|-heal|p1a: Eternatus|259/308\n|move|p2a: Pikachu|Max Lightning|p1a: Eternatus\n|-resisted|p1a: Eternatus\n|-damage|p1a: Eternatus|41/308\n|\n|upkeep\n|turn|12\n|\n|t:|1685392079\n|-end|p2a: Pikachu|Dynamax\n|-heal|p2a: Pikachu|214/214|[silent]\n|switch|p2a: Glalie|Glalie, L80, F|9/259 psn\n|move|p1a: Eternatus|Recover|p1a: Eternatus\n|-heal|p1a: Eternatus|195/308\n|\n|-heal|p2a: Glalie|25/259 psn|[from] item: Leftovers\n|-damage|p2a: Glalie|0 fnt|[from] psn\n|faint|p2a: Glalie\n|upkeep\n|\n|t:|1685392089\n|switch|p2a: Omastar|Omastar, L82, M|249/249\n|turn|13\n|\n|t:|1685392097\n|move|p1a: Eternatus|Recover|p1a: Eternatus\n|-heal|p1a: Eternatus|308/308\n|move|p2a: Omastar|Shell Smash|p2a: Omastar\n|-unboost|p2a: Omastar|def|1\n|-unboost|p2a: Omastar|spd|1\n|-boost|p2a: Omastar|atk|2\n|-boost|p2a: Omastar|spa|2\n|-boost|p2a: Omastar|spe|2\n|-enditem|p2a: Omastar|White Herb\n|-clearnegativeboost|p2a: Omastar|[silent]\n|\n|upkeep\n|turn|14\n|\n|t:|1685392108\n|move|p2a: Omastar|Ice Beam|p1a: Eternatus\n|-supereffective|p1a: Eternatus\n|-damage|p1a: Eternatus|16/308\n|move|p1a: Eternatus|Dynamax Cannon|p2a: Omastar\n|-damage|p2a: Omastar|123/249\n|\n|-fieldend|move: Electric Terrain\n|upkeep\n|turn|15\n|\n|t:|1685392116\n|move|p2a: Omastar|Earth Power|p1a: Eternatus\n|-supereffective|p1a: Eternatus\n|-damage|p1a: Eternatus|0 fnt\n|faint|p1a: Eternatus\n|\n|upkeep\n|\n|t:|1685392137\n|switch|p1a: Ninjask|Ninjask, L86, M|245/245\n|-damage|p1a: Ninjask|123/245|[from] Stealth Rock\n|turn|16\n|\n|t:|1685392148\n|move|p1a: Ninjask|Acrobatics|p2a: Omastar\n|-resisted|p2a: Omastar\n|-damage|p2a: Omastar|78/249\n|move|p2a: Omastar|Ice Beam|p1a: Ninjask\n|-supereffective|p1a: Ninjask\n|-damage|p1a: Ninjask|0 fnt\n|faint|p1a: Ninjask\n|\n|upkeep\n|\n|t:|1685392157\n|switch|p1a: Liepard|Liepard, L86, M|250/250\n|-damage|p1a: Liepard|219/250|[from] Stealth Rock\n|turn|17\n|\n|t:|1685392165\n|-start|p1a: Liepard|Dynamax|\n|-heal|p1a: Liepard|438/500|[silent]\n|move|p2a: Omastar|Hydro Pump|p1a: Liepard\n|-damage|p1a: Liepard|87/500\n|move|p1a: Liepard|Max Darkness|p2a: Omastar\n|-crit|p2a: Omastar\n|-damage|p2a: Omastar|0 fnt\n|faint|p2a: Omastar\n|\n|-heal|p1a: Liepard|102/500|[from] item: Leftovers\n|upkeep\n|\n|t:|1685392178\n|switch|p2a: Chansey|Chansey, L84, F|445/557\n|turn|18\n|\n|t:|1685392185\n|move|p1a: Liepard|Max Darkness|p2a: Chansey\n|-damage|p2a: Chansey|168/557\n|-unboost|p2a: Chansey|spd|1\n|move|p2a: Chansey|Soft-Boiled|p2a: Chansey\n|-heal|p2a: Chansey|447/557\n|\n|-heal|p1a: Liepard|117/500|[from] item: Leftovers\n|upkeep\n|turn|19\n|inactive|ddgdsd has 120 seconds left.\n|\n|t:|1685392200\n|move|p1a: Liepard|Max Darkness|p2a: Chansey\n|-damage|p2a: Chansey|146/557\n|-unboost|p2a: Chansey|spd|1\n|move|p2a: Chansey|Toxic|p1a: Liepard\n|-status|p1a: Liepard|tox\n|\n|-heal|p1a: Liepard|132/500 tox|[from] item: Leftovers\n|-damage|p1a: Liepard|117/500 tox|[from] psn\n|upkeep\n|-end|p1a: Liepard|Dynamax\n|-heal|p1a: Liepard|59/250 tox|[silent]\n|turn|20\n|inactive|ddgdsd has 120 seconds left.\n|\n|t:|1685392219\n|switch|p2a: Mr. Rime|Mr. Rime, L86, F|278/278\n|move|p1a: Liepard|Knock Off|p2a: Mr. Rime\n|-supereffective|p2a: Mr. Rime\n|-damage|p2a: Mr. Rime|56/278\n|-enditem|p2a: Mr. Rime|Heavy-Duty Boots|[from] move: Knock Off|[of] p1a: Liepard\n|\n|-heal|p1a: Liepard|74/250 tox|[from] item: Leftovers\n|-damage|p1a: Liepard|44/250 tox|[from] psn\n|upkeep\n|turn|21\n|\n|t:|1685392230\n|move|p1a: Liepard|Knock Off|p2a: Mr. Rime\n|-supereffective|p2a: Mr. Rime\n|-damage|p2a: Mr. Rime|0 fnt\n|faint|p2a: Mr. Rime\n|\n|-heal|p1a: Liepard|59/250 tox|[from] item: Leftovers\n|-damage|p1a: Liepard|14/250 tox|[from] psn\n|upkeep\n|\n|t:|1685392237\n|switch|p2a: Kingdra|Kingdra, L82, M|257/257\n|turn|22\n|inactive|ddgdsd has 120 seconds left.\n|\n|t:|1685392244\n|move|p1a: Liepard|Knock Off|p2a: Kingdra\n|-damage|p2a: Kingdra|161/257\n|-enditem|p2a: Kingdra|Life Orb|[from] move: Knock Off|[of] p1a: Liepard\n|move|p2a: Kingdra|Rain Dance|p2a: Kingdra\n|-weather|RainDance\n|\n|-weather|RainDance|[upkeep]\n|-heal|p1a: Liepard|29/250 tox|[from] item: Leftovers\n|-damage|p1a: Liepard|0 fnt|[from] psn\n|faint|p1a: Liepard\n|upkeep\n|inactive|ddgdsd has 120 seconds left.\n|\n|t:|1685392256\n|switch|p1a: Klinklang|Klinklang, L84|164/238\n|-damage|p1a: Klinklang|150/238|[from] Stealth Rock\n|turn|23\n|inactive|ddgdsd has 120 seconds left.\n|\n|t:|1685392261\n|move|p2a: Kingdra|Hydro Pump|p1a: Klinklang\n|-damage|p1a: Klinklang|0 fnt\n|faint|p1a: Klinklang\n|\n|-weather|RainDance|[upkeep]\n|upkeep\n|inactive|ddgdsd has 120 seconds left.\n|\n|t:|1685392268\n|switch|p1a: Carbink|Carbink, L86|226/226\n|-damage|p1a: Carbink|198/226|[from] Stealth Rock\n|turn|24\n|\n|t:|1685392274\n|move|p2a: Kingdra|Hydro Pump|p1a: Carbink\n|-supereffective|p1a: Carbink\n|-damage|p1a: Carbink|0 fnt\n|faint|p1a: Carbink\n|\n|win|La.hellhound\n|raw|ddgdsd's rating: 1367 &rarr; <strong>1357</strong><br />(-10 for losing)\n|raw|La.hellhound's rating: 1557 &rarr; <strong>1567</strong><br />(+10 for winning)\n", "inputlog": ">version 6fec31d5a0d4498a06105aa188c9906bc0b6bf95\n>start {\"formatid\":\"gen8randombattle\",\"seed\":[19056,64906,41690,27332],\"rated\":\"Rated battle\"}\n>player p1 {\"name\":\"ddgdsd\",\"avatar\":\"265\",\"rating\":1367,\"seed\":[22260,62498,42336,35134]}\n>player p2 {\"name\":\"La.hellhound\",\"avatar\":\"bruno\",\"rating\":1557,\"seed\":[56685,65371,43509,34351]}\n>p1 move gigadrain\n>p2 switch 2\n>p1 move leechseed\n>p2 move stealthrock\n>p1 move substitute\n>p2 switch 3\n>p1 move sludgebomb\n>p2 move substitute\n>p1 move sludgebomb\n>p2 move freezedry\n>p1 move substitute\n>p2 move freezedry\n>p1 move substitute\n>p2 move freezedry\n>p1 switch 3\n>p1 move wildcharge\n>p2 move freezedry\n>p1 move wildcharge\n>p2 switch 6\n>p1 switch 5\n>p2 move voltswitch dynamax\n>p1 move recover\n>p2 move voltswitch dynamax\n>p1 move recover\n>p2 switch 6\n>p2 switch 5\n>p1 move recover\n>p2 move shellsmash\n>p1 move dynamaxcannon\n>p2 move icebeam\n>p1 move dynamaxcannon\n>p2 move earthpower\n>p1 switch 4\n>p1 move acrobatics\n>p2 move icebeam\n>p1 switch 6\n>p1 move knockoff dynamax\n>p2 move hydropump\n>p2 switch 3\n>p1 move knockoff dynamax\n>p2 move softboiled\n>p1 move knockoff dynamax\n>p2 move toxic\n>p1 move knockoff\n>p2 switch 4\n>p1 move knockoff\n>p2 move slackoff\n>p2 switch 2\n>p1 move knockoff\n>p2 move raindance\n>p1 switch 5\n>p1 move wildcharge\n>p2 move hydropump\n>p1 switch 2\n>p1 move moonblast\n>p2 move hydropump", "uploadtime": 1685392280, "views": 4, "p1id": "ddgdsd", "p2id": "lahellhound", "formatid": "gen8randombattle", "rating": 1357, "private": 0, "password": ""}