{"id": "gen8randombattle-1872950557", "p1": "asdsdfasfsdsddfg", "p2": "Bcjshhdz", "format": "[Gen 8] Random Battle", "log": "|j|\u203dasdsdfasfsdsddfg\n|j|\u2606Bcjshhdz\n|t:|1685304568\n|gametype|singles\n|player|p1|asdsdfasfsdsddfg|265|1000\n|player|p2|Bcjshhdz|101|1115\n|teamsize|p1|6\n|teamsize|p2|6\n|gen|8\n|tier|[Gen 8] Random Battle\n|rated|\n|rule|Species Clause: Limit one of each Pok\u00e9mon\n|rule|HP Percentage Mod: HP is shown in percentages\n|rule|Sleep Clause Mod: Limit one foe put to sleep\n|\n|t:|1685304568\n|start\n|switch|p1a: Rhydon|Rhydon, L87, M|324/324\n|switch|p2a: Azelf|Azelf, L82|257/257\n|turn|1\n|\n|t:|1685304578\n|switch|p2a: Politoed|Politoed, L86, F|295/295\n|-weather|RainDance|[from] ability: Drizzle|[of] p2a: Politoed\n|move|p1a: Rhydon|Stealth Rock|p2a: Politoed\n|-sidestart|p2: Bcjshhdz|move: Stealth Rock\n|\n|-weather|RainDance|[upkeep]\n|upkeep\n|turn|2\n|\n|t:|1685304589\n|switch|p1a: Polteageist|Polteageist, L78|222/222\n|move|p2a: Politoed|Scald|p1a: Polteageist\n|-damage|p1a: Polteageist|35/222\n|-status|p1a: Polteageist|brn\n|replace|p1a: Zoroark|Zoroark, L78, M\n|-end|p1a: Zoroark|Illusion\n|\n|-weather|RainDance|[upkeep]\n|-damage|p1a: Zoroark|22/222 brn|[from] brn\n|upkeep\n|turn|3\n|inactive|Battle timer is ON: inactive players will automatically lose when time's up. (requested by asdsdfasfsdsddfg)\n|inactive|Bcjshhdz has 120 seconds left.\n|\n|t:|1685304630\n|switch|p2a: Ninetales|Ninetales-Alola, L79, M|245/245\n|-weather|Hail|[from] ability: Snow Warning|[of] p2a: Ninetales\n|move|p1a: Zoroark|Trick|p2a: Ninetales\n|-activate|p1a: Zoroark|move: Trick|[of] p2a: Ninetales\n|-item|p2a: Ninetales|Choice Scarf|[from] move: Trick\n|-item|p1a: Zoroark|Heavy-Duty Boots|[from] move: Trick\n|\n|-weather|Hail|[upkeep]\n|-damage|p1a: Zoroark|9/222 brn|[from] Hail\n|-damage|p1a: Zoroark|0 fnt|[from] brn\n|faint|p1a: Zoroark\n|upkeep\n|\n|t:|1685304638\n|switch|p1a: Accelgor|Accelgor, L86, M|278/278\n|turn|4\n|\n|t:|1685304647\n|switch|p2a: Magmortar|Magmortar, L86, F|269/269\n|move|p1a: Accelgor|Spikes|p2a: Magmortar\n|-sidestart|p2: Bcjshhdz|Spikes\n|\n|-weather|Hail|[upkeep]\n|-damage|p1a: Accelgor|261/278|[from] Hail\n|-damage|p2a: Magmortar|253/269|[from] Hail\n|upkeep\n|turn|5\n|\n|t:|1685304652\n|switch|p1a: Rhydon|Rhydon, L87, M|324/324\n|move|p2a: Magmortar|Fire Blast|p1a: Rhydon\n|-resisted|p1a: Rhydon\n|-crit|p1a: Rhydon\n|-damage|p1a: Rhydon|210/324\n|\n|-weather|Hail|[upkeep]\n|-damage|p2a: Magmortar|237/269|[from] Hail\n|-damage|p1a: Rhydon|190/324|[from] Hail\n|upkeep\n|turn|6\n|\n|t:|1685304668\n|switch|p2a: Politoed|Politoed, L86, F|295/295\n|-damage|p2a: Politoed|259/295|[from] Stealth Rock\n|-damage|p2a: Politoed|223/295|[from] Spikes\n|-weather|RainDance|[from] ability: Drizzle|[of] p2a: Politoed\n|move|p1a: Rhydon|Earthquake|p2a: Politoed\n|-damage|p2a: Politoed|63/295\n|\n|-weather|RainDance|[upkeep]\n|upkeep\n|turn|7\n|\n|t:|1685304671\n|move|p2a: Politoed|Scald|p1a: Rhydon\n|-supereffective|p1a: Rhydon\n|-damage|p1a: Rhydon|0 fnt\n|faint|p1a: Rhydon\n|\n|-weather|RainDance|[upkeep]\n|upkeep\n|\n|t:|1685304673\n|switch|p1a: Accelgor|Accelgor, L86, M|261/278\n|turn|8\n|\n|t:|1685304677\n|move|p1a: Accelgor|Sludge Bomb|p2a: Politoed\n|-damage|p2a: Politoed|2/295\n|move|p2a: Politoed|Rest|p2a: Politoed\n|-status|p2a: Politoed|slp|[from] move: Rest\n|-heal|p2a: Politoed|295/295 slp|[silent]\n|-enditem|p2a: Politoed|Chesto Berry|[eat]\n|-curestatus|p2a: Politoed|slp|[msg]\n|\n|-weather|RainDance|[upkeep]\n|upkeep\n|turn|9\n|\n|t:|1685304683\n|move|p1a: Accelgor|Sludge Bomb|p2a: Politoed\n|-damage|p2a: Politoed|237/295\n|-status|p2a: Politoed|psn\n|move|p2a: Politoed|Scald|p1a: Accelgor\n|-damage|p1a: Accelgor|87/278\n|\n|-weather|RainDance|[upkeep]\n|-damage|p2a: Politoed|201/295 psn|[from] psn\n|upkeep\n|turn|10\n|\n|t:|1685304690\n|move|p1a: Accelgor|Spikes|p2a: Politoed\n|-sidestart|p2: Bcjshhdz|Spikes\n|move|p2a: Politoed|Scald|p1a: Accelgor\n|-damage|p1a: Accelgor|0 fnt\n|faint|p1a: Accelgor\n|\n|-weather|none\n|-damage|p2a: Politoed|165/295 psn|[from] psn\n|upkeep\n|\n|t:|1685304693\n|switch|p1a: Polteageist|Polteageist, L78|222/222\n|turn|11\n|\n|t:|1685304698\n|move|p2a: Politoed|Encore||[still]\n|-fail|p2a: Politoed\n|move|p1a: Polteageist|Shell Smash|p1a: Polteageist\n|-unboost|p1a: Polteageist|def|1\n|-unboost|p1a: Polteageist|spd|1\n|-boost|p1a: Polteageist|atk|2\n|-boost|p1a: Polteageist|spa|2\n|-boost|p1a: Polteageist|spe|2\n|-enditem|p1a: Polteageist|White Herb\n|-clearnegativeboost|p1a: Polteageist|[silent]\n|\n|-damage|p2a: Politoed|129/295 psn|[from] psn\n|upkeep\n|turn|12\n|\n|t:|1685304703\n|move|p1a: Polteageist|Shell Smash|p1a: Polteageist\n|-unboost|p1a: Polteageist|def|1\n|-unboost|p1a: Polteageist|spd|1\n|-boost|p1a: Polteageist|atk|2\n|-boost|p1a: Polteageist|spa|2\n|-boost|p1a: Polteageist|spe|2\n|move|p2a: Politoed|Encore|p1a: Polteageist\n|-start|p1a: Polteageist|Encore\n|\n|-damage|p2a: Politoed|93/295 psn|[from] psn\n|upkeep\n|turn|13\n|\n|t:|1685304705\n|-start|p1a: Polteageist|Dynamax|\n|-heal|p1a: Polteageist|444/444|[silent]\n|move|p1a: Polteageist|Max Mindstorm|p2a: Politoed\n|-damage|p2a: Politoed|0 fnt\n|-fieldstart|move: Psychic Terrain\n|faint|p2a: Politoed\n|\n|upkeep\n|\n|t:|1685304712\n|switch|p2a: Magmortar|Magmortar, L86, F|237/269\n|turn|14\n|\n|t:|1685304717\n|move|p1a: Polteageist|Max Mindstorm|p2a: Magmortar\n|-damage|p2a: Magmortar|0 fnt\n|faint|p2a: Magmortar\n|\n|upkeep\n|\n|t:|1685304724\n|switch|p2a: Luxray|Luxray, L84, F|272/272\n|-damage|p2a: Luxray|238/272|[from] Stealth Rock\n|-damage|p2a: Luxray|193/272|[from] Spikes\n|turn|15\n|\n|t:|1685304727\n|move|p1a: Polteageist|Max Mindstorm|p2a: Luxray\n|-crit|p2a: Luxray\n|-damage|p2a: Luxray|0 fnt\n|faint|p2a: Luxray\n|\n|-end|p1a: Polteageist|Encore\n|upkeep\n|\n|t:|1685304740\n|switch|p2a: Ninetales|Ninetales-Alola, L79, M|245/245\n|-damage|p2a: Ninetales|184/245|[from] Stealth Rock\n|-damage|p2a: Ninetales|144/245|[from] Spikes\n|-weather|Hail|[from] ability: Snow Warning|[of] p2a: Ninetales\n|-end|p1a: Polteageist|Dynamax\n|-heal|p1a: Polteageist|222/222|[silent]\n|turn|16\n|\n|t:|1685304743\n|-start|p2a: Ninetales|Dynamax|\n|-heal|p2a: Ninetales|288/490|[silent]\n|move|p1a: Polteageist|Stored Power|p2a: Ninetales\n|-damage|p2a: Ninetales|0 fnt\n|faint|p2a: Ninetales\n|\n|-weather|Hail|[upkeep]\n|-damage|p1a: Polteageist|209/222|[from] Hail\n|upkeep\n|-message|Bcjshhdz forfeited.\n|\n|win|asdsdfasfsdsddfg\n|raw|asdsdfasfsdsddfg's rating: 1000 &rarr; <strong>1053</strong><br />(+53 for winning)\n|raw|Bcjshhdz's rating: 1115 &rarr; <strong>1082</strong><br />(-33 for losing)\n|l|\u2606Bcjshhdz\n", "inputlog": ">version d74822bbc74c095aa312053f7034baee3068d99e\n>start {\"formatid\":\"gen8randombattle\",\"seed\":[11449,5943,29747,60499],\"rated\":\"Rated battle\"}\n>player p1 {\"name\":\"asdsdfasfsdsddfg\",\"avatar\":\"265\",\"rating\":1000,\"seed\":[47612,4409,46582,37507]}\n>player p2 {\"name\":\"Bcjshhdz\",\"avatar\":\"101\",\"rating\":1115,\"seed\":[63615,48924,24843,20272]}\n>p1 move stealthrock\n>p2 switch 4\n>p1 switch 4\n>p2 move scald\n>p1 move trick\n>p2 switch 5\n>p1 switch 2\n>p1 move spikes\n>p2 switch 3\n>p1 switch 4\n>p2 move fireblast\n>p1 move earthquake\n>p2 switch 5\n>p1 move earthquake\n>p2 move scald\n>p1 switch 4\n>p1 move sludgebomb\n>p2 move rest\n>p1 move sludgebomb\n>p2 move scald\n>p1 move spikes\n>p2 move scald\n>p1 switch 6\n>p1 move shellsmash\n>p2 move encore\n>p1 move shellsmash\n>p2 move encore\n>p1 move storedpower dynamax\n>p2 move scald\n>p2 switch 5\n>p1 move storedpower dynamax\n>p2 move fireblast\n>p2 switch 2\n>p1 move storedpower dynamax\n>p2 move crunch\n>p2 switch 3\n>p1 move storedpower\n>p2 move moonblast dynamax\n>forcelose p2", "uploadtime": 1685304750, "views": 4, "p1id": "asdsdfasfsdsddfg", "p2id": "bcjshhdz", "formatid": "gen8randombattle", "rating": 1053, "private": 0, "password": ""}