|j|☆Novadeus07
|j|☆yugramteke2016
|t:|1685524619
|gametype|singles
|player|p1|Novadeus07|gambler|1074
|player|p2|yugramteke2016|1|1000
|teamsize|p1|6
|teamsize|p2|6
|gen|8
|tier|[Gen 8] Random Battle
|rated|
|rule|Species Clause: Limit one of each Pokémon
|rule|HP Percentage Mod: HP is shown in percentages
|rule|Sleep Clause Mod: Limit one foe put to sleep
|
|t:|1685524619
|start
|switch|p1a: Toxapex|Toxapex, L82, F|216/216
|switch|p2a: Raichu|Raichu-Alola, L84, M|238/238
|turn|1
|
|t:|1685524630
|move|p2a: Raichu|Nasty Plot|p2a: Raichu
|-boost|p2a: Raichu|spa|2
|move|p1a: Toxapex|Toxic Spikes|p2a: Raichu
|-sidestart|p2: yugramteke2016|move: Toxic Spikes
|
|upkeep
|turn|2
|c|☆Novadeus07|HI
|
|t:|1685524635
|move|p2a: Raichu|Psyshock|p1a: Toxapex
|-supereffective|p1a: Toxapex
|-damage|p1a: Toxapex|0 fnt
|faint|p1a: Toxapex
|
|upkeep
|
|t:|1685524645
|switch|p1a: Cinccino|Cinccino, L84, F|263/263
|turn|3
|
|t:|1685524658
|-start|p1a: Cinccino|Dynamax|
|-heal|p1a: Cinccino|526/526|[silent]
|move|p1a: Cinccino|Max Darkness|p2a: Raichu
|-supereffective|p2a: Raichu
|-enditem|p2a: Raichu|Focus Sash
|-damage|p2a: Raichu|1/238
|-unboost|p2a: Raichu|spd|1
|move|p2a: Raichu|Focus Blast|p1a: Cinccino|[miss]
|-miss|p2a: Raichu|p1a: Cinccino
|
|upkeep
|turn|4
|
|t:|1685524686
|move|p1a: Cinccino|Max Flutterby|p2a: Raichu
|-supereffective|p2a: Raichu
|-damage|p2a: Raichu|0 fnt
|faint|p2a: Raichu
|
|upkeep
|
|t:|1685524703
|switch|p2a: Blastoise|Blastoise, L82, F|264/264
|-status|p2a: Blastoise|psn
|turn|5
|
|t:|1685524709
|-start|p2a: Blastoise|Dynamax|Gmax
|-heal|p2a: Blastoise|528/528 psn|[silent]
|move|p2a: Blastoise|Max Guard|p2a: Blastoise
|-singleturn|p2a: Blastoise|Max Guard
|move|p1a: Cinccino|Max Strike|p2a: Blastoise
|-activate|p2a: Blastoise|move: Max Guard
|
|-damage|p2a: Blastoise|495/528 psn|[from] psn
|upkeep
|-end|p1a: Cinccino|Dynamax
|-heal|p1a: Cinccino|263/263|[silent]
|turn|6
|
|t:|1685524724
|move|p1a: Cinccino|U-turn|p2a: Blastoise
|-damage|p2a: Blastoise|421/528 psn
|
|t:|1685524728
|switch|p1a: Cradily|Cradily, L86, M|288/288|[from] U-turn
|move|p2a: Blastoise|G-Max Cannonade|p1a: Cradily
|-ability|p1a: Cradily|Storm Drain|boost
|-boost|p1a: Cradily|spa|1
|
|-heal|p2a: Blastoise|437/528 psn|[from] item: Leftovers
|-damage|p2a: Blastoise|404/528 psn|[from] psn
|upkeep
|turn|7
|
|t:|1685524739
|-end|p2a: Blastoise|Dynamax
|-heal|p2a: Blastoise|202/264 psn|[silent]
|switch|p2a: Indeedee|Indeedee, L83, M|235/235
|-status|p2a: Indeedee|psn
|-fieldstart|move: Psychic Terrain|[from] ability: Psychic Surge|[of] p2a: Indeedee
|move|p1a: Cradily|Swords Dance|p1a: Cradily
|-boost|p1a: Cradily|atk|2
|
|-damage|p2a: Indeedee|206/235 psn|[from] psn
|upkeep
|turn|8
|
|t:|1685524753
|move|p2a: Indeedee|Mystical Fire|p1a: Cradily
|-damage|p1a: Cradily|240/288
|-unboost|p1a: Cradily|spa|1
|move|p1a: Cradily|Power Whip|p2a: Indeedee
|-damage|p2a: Indeedee|0 fnt
|faint|p2a: Indeedee
|
|-heal|p1a: Cradily|258/288|[from] item: Leftovers
|upkeep
|
|t:|1685524779
|switch|p2a: Bellossom|Bellossom, L82, F|257/257
|-status|p2a: Bellossom|psn
|turn|9
|
|t:|1685524787
|move|p2a: Bellossom|Quiver Dance|p2a: Bellossom
|-boost|p2a: Bellossom|spa|1
|-boost|p2a: Bellossom|spd|1
|-boost|p2a: Bellossom|spe|1
|move|p1a: Cradily|Swords Dance|p1a: Cradily
|-boost|p1a: Cradily|atk|2
|
|-heal|p1a: Cradily|276/288|[from] item: Leftovers
|-damage|p2a: Bellossom|225/257 psn|[from] psn
|upkeep
|turn|10
|
|t:|1685524796
|move|p2a: Bellossom|Moonblast|p1a: Cradily
|-damage|p1a: Cradily|196/288
|move|p1a: Cradily|Stone Edge|p2a: Bellossom
|-damage|p2a: Bellossom|0 fnt
|faint|p2a: Bellossom
|
|-heal|p1a: Cradily|214/288|[from] item: Leftovers
|upkeep
|
|t:|1685524799
|switch|p2a: Salazzle|Salazzle, L82, F|246/246
|-sideend|p2: yugramteke2016|move: Toxic Spikes|[of] p2a: Salazzle
|turn|11
|
|t:|1685524806
|move|p2a: Salazzle|Toxic|p1a: Cradily
|-status|p1a: Cradily|tox
|move|p1a: Cradily|Stone Edge|p2a: Salazzle
|-supereffective|p2a: Salazzle
|-damage|p2a: Salazzle|0 fnt
|faint|p2a: Salazzle
|
|-heal|p1a: Cradily|232/288 tox|[from] item: Leftovers
|-damage|p1a: Cradily|214/288 tox|[from] psn
|-fieldend|move: Psychic Terrain
|upkeep
|
|t:|1685524809
|switch|p2a: Drifblim|Drifblim, L84, F|389/389
|turn|12
|
|t:|1685524820
|move|p2a: Drifblim|Calm Mind|p2a: Drifblim
|-boost|p2a: Drifblim|spa|1
|-boost|p2a: Drifblim|spd|1
|move|p1a: Cradily|Stone Edge|p2a: Drifblim
|-supereffective|p2a: Drifblim
|-damage|p2a: Drifblim|0 fnt
|faint|p2a: Drifblim
|
|-heal|p1a: Cradily|232/288 tox|[from] item: Leftovers
|-damage|p1a: Cradily|196/288 tox|[from] psn
|upkeep
|
|t:|1685524823
|switch|p2a: Blastoise|Blastoise, L82, F|202/264 psn
|turn|13
|c|☆Novadeus07|i'm sweeping u...
|c|☆Novadeus07|gg
|
|t:|1685524834
|move|p2a: Blastoise|Protect|p2a: Blastoise
|-singleturn|p2a: Blastoise|Protect
|move|p1a: Cradily|Power Whip|p2a: Blastoise
|-activate|p2a: Blastoise|move: Protect
|
|-heal|p2a: Blastoise|218/264 psn|[from] item: Leftovers
|-heal|p1a: Cradily|214/288 tox|[from] item: Leftovers
|-damage|p2a: Blastoise|185/264 psn|[from] psn
|-damage|p1a: Cradily|160/288 tox|[from] psn
|upkeep
|turn|14
|
|t:|1685524844
|move|p2a: Blastoise|Rapid Spin|p1a: Cradily
|-resisted|p1a: Cradily
|-damage|p1a: Cradily|146/288 tox
|-boost|p2a: Blastoise|spe|1
|move|p1a: Cradily|Power Whip|p2a: Blastoise|[miss]
|-miss|p1a: Cradily|p2a: Blastoise
|
|-heal|p2a: Blastoise|201/264 psn|[from] item: Leftovers
|-heal|p1a: Cradily|164/288 tox|[from] item: Leftovers
|-damage|p2a: Blastoise|168/264 psn|[from] psn
|-damage|p1a: Cradily|92/288 tox|[from] psn
|upkeep
|turn|15
|
|t:|1685524855
|move|p2a: Blastoise|Rapid Spin|p1a: Cradily
|-resisted|p1a: Cradily
|-damage|p1a: Cradily|77/288 tox
|-boost|p2a: Blastoise|spe|1
|move|p1a: Cradily|Recover|p1a: Cradily
|-heal|p1a: Cradily|221/288 tox
|
|-heal|p2a: Blastoise|184/264 psn|[from] item: Leftovers
|-heal|p1a: Cradily|239/288 tox|[from] item: Leftovers
|-damage|p2a: Blastoise|151/264 psn|[from] psn
|-damage|p1a: Cradily|149/288 tox|[from] psn
|upkeep
|turn|16
|l|☆yugramteke2016
|player|p2|
|inactive|Battle timer is ON: inactive players will automatically lose when time's up. (requested by Novadeus07)
|inactive|yugramteke2016 has 30 seconds to reconnect!
|inactive|yugramteke2016 has 20 seconds to reconnect!
|inactive|yugramteke2016 has 15 seconds to reconnect!
|inactive|yugramteke2016 has 10 seconds to reconnect!
|inactive|yugramteke2016 has 5 seconds to reconnect!
|-message|yugramteke2016 lost due to inactivity.
|
|win|Novadeus07
|raw|Novadeus07's rating: 1074 &rarr; <strong>1097</strong><br />(+23 for winning)
|raw|yugramteke2016's rating: 1000 &rarr; <strong>1000</strong><br />(+0 for losing)
