{"id": "gen8randombattle-1874043186", "p1": "Fbhdyfdd", "p2": "judyp", "format": "[Gen 8] Random Battle", "log": "|j|\u2606Fbhdyfdd\n|j|\u2606judyp\n|t:|1685458562\n|gametype|singles\n|player|p1|Fbhdyfdd|102|1106\n|player|p2|judyp|steven|1219\n|teamsize|p1|6\n|teamsize|p2|6\n|gen|8\n|tier|[Gen 8] Random Battle\n|rated|\n|rule|Species Clause: Limit one of each Pok\u00e9mon\n|rule|HP Percentage Mod: HP is shown in percentages\n|rule|Sleep Clause Mod: Limit one foe put to sleep\n|\n|t:|1685458562\n|start\n|switch|p1a: Kartana|Kartana, L74|209/209\n|switch|p2a: Politoed|Politoed, L86, F|295/295\n|-weather|RainDance|[from] ability: Drizzle|[of] p2a: Politoed\n|turn|1\n|\n|t:|1685458590\n|switch|p2a: Lilligant|Lilligant, L84, F|255/255\n|move|p1a: Kartana|Leaf Blade|p2a: Lilligant\n|-resisted|p2a: Lilligant\n|-damage|p2a: Lilligant|173/255\n|-damage|p1a: Kartana|189/209|[from] item: Life Orb\n|\n|-weather|RainDance|[upkeep]\n|upkeep\n|turn|2\n|\n|t:|1685458602\n|move|p1a: Kartana|Smart Strike|p2a: Lilligant\n|-damage|p2a: Lilligant|35/255\n|-damage|p1a: Kartana|169/209|[from] item: Life Orb\n|move|p2a: Lilligant|Quiver Dance|p2a: Lilligant\n|-boost|p2a: Lilligant|spa|1\n|-boost|p2a: Lilligant|spd|1\n|-boost|p2a: Lilligant|spe|1\n|\n|-weather|RainDance|[upkeep]\n|upkeep\n|turn|3\n|\n|t:|1685458611\n|switch|p1a: Virizion|Virizion, L82|283/283\n|move|p2a: Lilligant|Pollen Puff|p1a: Virizion\n|-damage|p1a: Virizion|174/283\n|-damage|p2a: Lilligant|10/255|[from] item: Life Orb\n|\n|-weather|RainDance|[upkeep]\n|upkeep\n|turn|4\n|\n|t:|1685458624\n|move|p2a: Lilligant|Pollen Puff|p1a: Virizion\n|-crit|p1a: Virizion\n|-damage|p1a: Virizion|12/283\n|-damage|p2a: Lilligant|0 fnt|[from] item: Life Orb\n|faint|p2a: Lilligant\n|move|p1a: Virizion|Swords Dance|p1a: Virizion\n|-boost|p1a: Virizion|atk|2\n|\n|-weather|RainDance|[upkeep]\n|upkeep\n|\n|t:|1685458637\n|switch|p2a: Kingdra|Kingdra, L82, M|257/257\n|turn|5\n|\n|t:|1685458645\n|move|p2a: Kingdra|Hurricane|p1a: Virizion\n|-supereffective|p1a: Virizion\n|-damage|p1a: Virizion|0 fnt\n|faint|p1a: Virizion\n|-damage|p2a: Kingdra|232/257|[from] item: Life Orb\n|\n|-weather|none\n|upkeep\n|\n|t:|1685458652\n|switch|p1a: Jolteon|Jolteon, L82, F|241/241\n|turn|6\n|\n|t:|1685458659\n|switch|p2a: Vanilluxe|Vanilluxe, L82, F|251/251\n|-weather|Hail|[from] ability: Snow Warning|[of] p2a: Vanilluxe\n|move|p1a: Jolteon|Thunderbolt|p2a: Vanilluxe\n|-damage|p2a: Vanilluxe|118/251\n|\n|-weather|Hail|[upkeep]\n|-damage|p1a: Jolteon|226/241|[from] Hail\n|upkeep\n|turn|7\n|\n|t:|1685458669\n|move|p1a: Jolteon|Thunderbolt|p2a: Vanilluxe\n|-damage|p2a: Vanilluxe|0 fnt\n|faint|p2a: Vanilluxe\n|\n|-weather|Hail|[upkeep]\n|-damage|p1a: Jolteon|211/241|[from] Hail\n|upkeep\n|\n|t:|1685458689\n|switch|p2a: Politoed|Politoed, L86, F|295/295\n|-weather|RainDance|[from] ability: Drizzle|[of] p2a: Politoed\n|turn|8\n|\n|t:|1685458701\n|move|p1a: Jolteon|Thunderbolt|p2a: Politoed\n|-supereffective|p2a: Politoed\n|-damage|p2a: Politoed|23/295\n|move|p2a: Politoed|Scald|p1a: Jolteon\n|-damage|p1a: Jolteon|91/241\n|\n|-weather|RainDance|[upkeep]\n|upkeep\n|turn|9\n|\n|t:|1685458709\n|move|p1a: Jolteon|Thunderbolt|p2a: Politoed\n|-supereffective|p2a: Politoed\n|-damage|p2a: Politoed|0 fnt\n|faint|p2a: Politoed\n|\n|-weather|RainDance|[upkeep]\n|upkeep\n|\n|t:|1685458710\n|switch|p2a: Kingdra|Kingdra, L82, M|232/257\n|turn|10\n|\n|t:|1685458729\n|move|p2a: Kingdra|Hydro Pump|p1a: Jolteon\n|-damage|p1a: Jolteon|0 fnt\n|faint|p1a: Jolteon\n|-damage|p2a: Kingdra|207/257|[from] item: Life Orb\n|\n|-weather|RainDance|[upkeep]\n|upkeep\n|\n|t:|1685458738\n|switch|p1a: Tornadus|Tornadus, L80, M|258/258\n|turn|11\n|\n|t:|1685458753\n|move|p2a: Kingdra|Hydro Pump|p1a: Tornadus|[miss]\n|-miss|p2a: Kingdra|p1a: Tornadus\n|move|p1a: Tornadus|Hurricane|p2a: Kingdra\n|-damage|p2a: Kingdra|69/257\n|\n|-weather|RainDance|[upkeep]\n|upkeep\n|turn|12\n|\n|t:|1685458764\n|move|p1a: Tornadus|Nasty Plot|p1a: Tornadus\n|-boost|p1a: Tornadus|spa|2\n|move|p2a: Kingdra|Hydro Pump|p1a: Tornadus\n|-damage|p1a: Tornadus|3/258\n|-damage|p2a: Kingdra|44/257|[from] item: Life Orb\n|\n|-weather|none\n|upkeep\n|turn|13\n|\n|t:|1685458771\n|move|p1a: Tornadus|Grass Knot|p2a: Kingdra\n|-damage|p2a: Kingdra|0 fnt\n|faint|p2a: Kingdra\n|\n|upkeep\n|\n|t:|1685458788\n|switch|p2a: Moltres|Moltres-Galar, L75|259/259\n|turn|14\n|\n|t:|1685458796\n|-start|p2a: Moltres|Dynamax|\n|-heal|p2a: Moltres|518/518|[silent]\n|move|p1a: Tornadus|Hurricane|p2a: Moltres|[miss]\n|-miss|p1a: Tornadus|p2a: Moltres\n|move|p2a: Moltres|Max Airstream|p1a: Tornadus\n|-damage|p1a: Tornadus|0 fnt\n|-boost|p2a: Moltres|spe|1\n|faint|p1a: Tornadus\n|\n|upkeep\n|\n|t:|1685458820\n|switch|p1a: Persian|Persian-Alola, L82, M|241/241\n|turn|15\n|\n|t:|1685458830\n|move|p2a: Moltres|Max Airstream|p1a: Persian\n|-damage|p1a: Persian|90/241\n|-boost|p2a: Moltres|spe|1\n|move|p1a: Persian|Nasty Plot|p1a: Persian\n|-boost|p1a: Persian|spa|2\n|\n|-heal|p1a: Persian|105/241|[from] item: Leftovers\n|upkeep\n|turn|16\n|\n|t:|1685458834\n|-start|p1a: Persian|Dynamax|\n|-heal|p1a: Persian|210/482|[silent]\n|move|p1a: Persian|Max Guard|p1a: Persian\n|-singleturn|p1a: Persian|Max Guard\n|move|p2a: Moltres|Max Airstream|p1a: Persian\n|-activate|p1a: Persian|move: Max Guard\n|\n|-heal|p1a: Persian|225/482|[from] item: Leftovers\n|upkeep\n|-end|p2a: Moltres|Dynamax\n|-heal|p2a: Moltres|259/259|[silent]\n|turn|17\n|\n|t:|1685458843\n|move|p2a: Moltres|Nasty Plot|p2a: Moltres\n|-boost|p2a: Moltres|spa|2\n|move|p1a: Persian|Max Lightning|p2a: Moltres\n|-supereffective|p2a: Moltres\n|-damage|p2a: Moltres|33/259\n|-fieldstart|move: Electric Terrain\n|-ability|p2a: Moltres|Berserk|boost\n|-boost|p2a: Moltres|spa|1\n|\n|-heal|p1a: Persian|240/482|[from] item: Leftovers\n|upkeep\n|turn|18\n|\n|t:|1685458863\n|move|p2a: Moltres|Hurricane|p1a: Persian\n|-damage|p1a: Persian|0 fnt\n|faint|p1a: Persian\n|\n|upkeep\n|-message|Fbhdyfdd forfeited.\n|\n|win|judyp\n|raw|Fbhdyfdd's rating: 1106 &rarr; <strong>1089</strong><br />(-17 for losing)\n|raw|judyp's rating: 1219 &rarr; <strong>1236</strong><br />(+17 for winning)\n|l|\u2606Fbhdyfdd\n", "inputlog": ">version 6fec31d5a0d4498a06105aa188c9906bc0b6bf95\n>start {\"formatid\":\"gen8randombattle\",\"seed\":[16918,51354,58237,31571],\"rated\":\"Rated battle\"}\n>player p1 {\"name\":\"Fbhdyfdd\",\"avatar\":\"102\",\"rating\":1106,\"seed\":[13430,25482,59362,16610]}\n>player p2 {\"name\":\"judyp\",\"avatar\":\"steven\",\"rating\":1219,\"seed\":[64821,28496,16024,62507]}\n>p1 move leafblade\n>p2 switch 4\n>p1 move smartstrike\n>p2 move quiverdance\n>p1 switch 2\n>p2 move pollenpuff\n>p1 move swordsdance\n>p2 move pollenpuff\n>p2 switch 6\n>p1 move leafblade\n>p2 move hurricane\n>p1 switch 4\n>p1 move thunderbolt\n>p2 switch 3\n>p1 move thunderbolt\n>p2 move auroraveil\n>p2 switch 4\n>p1 move thunderbolt\n>p2 move scald\n>p1 move thunderbolt\n>p2 move rest\n>p2 switch 3\n>p1 move thunderbolt\n>p2 move hydropump\n>p1 switch 3\n>p1 move hurricane\n>p2 move hydropump\n>p1 move nastyplot\n>p2 move hydropump\n>p1 move grassknot\n>p2 move raindance\n>p2 switch 5\n>p1 move hurricane\n>p2 move hurricane dynamax\n>p1 switch 5\n>p1 move nastyplot\n>p2 move hurricane dynamax\n>p1 move hypnosis dynamax\n>p2 move hurricane dynamax\n>p1 move thunderbolt dynamax\n>p2 move nastyplot\n>p1 move thunderbolt dynamax\n>p2 move hurricane\n>forcelose p1", "uploadtime": 1685458880, "views": 3, "p1id": "fbhdyfdd", "p2id": "judyp", "formatid": "gen8randombattle", "rating": 1089, "private": 0, "password": ""}