{"id": "gen8randombattle-1873453707", "p1": "NasaKhatarnak", "p2": "zxczxcbxcx", "format": "[Gen 8] Random Battle", "log": "|j|\u2606NasaKhatarnak\n|j|\u203dzxczxcbxcx\n|t:|1685378592\n|gametype|singles\n|player|p1|NasaKhatarnak|169|1000\n|player|p2|zxczxcbxcx|169|1000\n|teamsize|p1|6\n|teamsize|p2|6\n|gen|8\n|tier|[Gen 8] Random Battle\n|rated|\n|rule|Species Clause: Limit one of each Pok\u00e9mon\n|rule|HP Percentage Mod: HP is shown in percentages\n|rule|Sleep Clause Mod: Limit one foe put to sleep\n|\n|t:|1685378592\n|start\n|switch|p1a: Armaldo|Armaldo, L86, F|269/269\n|switch|p2a: Maractus|Maractus, L95, M|296/296\n|turn|1\n|inactive|Battle timer is ON: inactive players will automatically lose when time's up. (requested by NasaKhatarnak)\n|\n|t:|1685378609\n|move|p2a: Maractus|Toxic|p1a: Armaldo|[miss]\n|-miss|p2a: Maractus|p1a: Armaldo\n|move|p1a: Armaldo|Stealth Rock|p2a: Maractus\n|-sidestart|p2: zxczxcbxcx|move: Stealth Rock\n|\n|upkeep\n|turn|2\n|\n|t:|1685378637\n|switch|p1a: Salamence|Salamence, L76, M|269/269\n|move|p2a: Maractus|Toxic|p1a: Salamence\n|-status|p1a: Salamence|tox\n|\n|-damage|p1a: Salamence|253/269 tox|[from] psn\n|upkeep\n|turn|3\n|\n|t:|1685378650\n|-start|p1a: Salamence|Dynamax|\n|-heal|p1a: Salamence|506/538 tox|[silent]\n|move|p1a: Salamence|Max Airstream|p2a: Maractus\n|-supereffective|p2a: Maractus\n|-enditem|p2a: Maractus|Focus Sash\n|-damage|p2a: Maractus|1/296\n|-boost|p1a: Salamence|spe|1\n|move|p2a: Maractus|Leech Seed|p1a: Salamence\n|-start|p1a: Salamence|move: Leech Seed\n|\n|-damage|p1a: Salamence|473/538 tox|[from] Leech Seed|[of] p2a: Maractus\n|-heal|p2a: Maractus|34/296|[silent]\n|-damage|p1a: Salamence|441/538 tox|[from] psn\n|upkeep\n|turn|4\n|inactive|NasaKhatarnak has 120 seconds left.\n|\n|t:|1685378667\n|move|p2a: Maractus|Spiky Shield|p2a: Maractus\n|-singleturn|p2a: Maractus|move: Protect\n|move|p1a: Salamence|Max Airstream|p2a: Maractus\n|-supereffective|p2a: Maractus\n|-zbroken|p2a: Maractus\n|-damage|p2a: Maractus|0 fnt\n|-boost|p1a: Salamence|spe|1\n|faint|p2a: Maractus\n|-ability|p1a: Salamence|Moxie|boost\n|-boost|p1a: Salamence|atk|1\n|\n|-damage|p1a: Salamence|393/538 tox|[from] psn\n|upkeep\n|\n|t:|1685378676\n|switch|p2a: Zapdos|Zapdos, L78|268/268\n|turn|5\n|\n|t:|1685378687\n|switch|p2a: Mr. Mime|Mr. Mime, L86, F|209/209\n|-damage|p2a: Mr. Mime|183/209|[from] Stealth Rock\n|move|p1a: Salamence|Max Wyrmwind|p2a: Mr. Mime\n|-immune|p2a: Mr. Mime\n|\n|-damage|p1a: Salamence|360/538 tox|[from] Leech Seed|[of] p2a: Mr. Mime\n|-heal|p2a: Mr. Mime|209/209|[silent]\n|-damage|p1a: Salamence|296/538 tox|[from] psn\n|upkeep\n|-end|p1a: Salamence|Dynamax\n|-heal|p1a: Salamence|148/269 tox|[silent]\n|turn|6\n|inactive|NasaKhatarnak has 120 seconds left.\n|\n|t:|1685378711\n|move|p1a: Salamence|Dragon Dance|p1a: Salamence\n|-boost|p1a: Salamence|atk|1\n|-boost|p1a: Salamence|spe|1\n|move|p2a: Mr. Mime|Dazzling Gleam|p1a: Salamence\n|-supereffective|p1a: Salamence\n|-damage|p1a: Salamence|0 fnt\n|faint|p1a: Salamence\n|-damage|p2a: Mr. Mime|189/209|[from] item: Life Orb\n|\n|upkeep\n|inactive|NasaKhatarnak has 90 seconds left.\n|\n|t:|1685378742\n|switch|p1a: Sandslash|Sandslash-Alola, L86, M|269/269\n|turn|7\n|\n|t:|1685378751\n|move|p2a: Mr. Mime|Nasty Plot|p2a: Mr. Mime\n|-boost|p2a: Mr. Mime|spa|2\n|move|p1a: Sandslash|Knock Off|p2a: Mr. Mime\n|-damage|p2a: Mr. Mime|68/209\n|-enditem|p2a: Mr. Mime|Life Orb|[from] move: Knock Off|[of] p1a: Sandslash\n|-damage|p1a: Sandslash|243/269|[from] item: Life Orb\n|\n|upkeep\n|turn|8\n|\n|t:|1685378759\n|-start|p2a: Mr. Mime|Dynamax|\n|-heal|p2a: Mr. Mime|136/418|[silent]\n|move|p2a: Mr. Mime|Max Knuckle|p1a: Sandslash\n|-supereffective|p1a: Sandslash\n|-damage|p1a: Sandslash|0 fnt\n|-boost|p2a: Mr. Mime|atk|1\n|faint|p1a: Sandslash\n|\n|upkeep\n|inactive|NasaKhatarnak has 90 seconds left.\n|\n|t:|1685378790\n|switch|p1a: Regigigas|Regigigas, L82|315/315\n|-start|p1a: Regigigas|ability: Slow Start\n|turn|9\n|\n|t:|1685378796\n|move|p2a: Mr. Mime|Max Starfall|p1a: Regigigas\n|-damage|p1a: Regigigas|47/315\n|-fieldstart|move: Misty Terrain\n|move|p1a: Regigigas|Substitute|p1a: Regigigas\n|-fail|p1a: Regigigas|move: Substitute|[weak]\n|\n|-heal|p1a: Regigigas|66/315|[from] item: Leftovers\n|upkeep\n|turn|10\n|\n|t:|1685378805\n|move|p1a: Regigigas|Protect|p1a: Regigigas\n|-singleturn|p1a: Regigigas|Protect\n|move|p2a: Mr. Mime|Max Mindstorm|p1a: Regigigas\n|-zbroken|p1a: Regigigas\n|-damage|p1a: Regigigas|3/315\n|-fieldstart|move: Psychic Terrain\n|\n|-heal|p1a: Regigigas|22/315|[from] item: Leftovers\n|upkeep\n|-end|p2a: Mr. Mime|Dynamax\n|-heal|p2a: Mr. Mime|68/209|[silent]\n|turn|11\n|inactive|NasaKhatarnak has 90 seconds left.\n|\n|t:|1685378819\n|move|p1a: Regigigas|Protect||[still]\n|-fail|p1a: Regigigas\n|move|p2a: Mr. Mime|Psychic|p1a: Regigigas\n|-damage|p1a: Regigigas|0 fnt\n|faint|p1a: Regigigas\n|-end|p1a: Regigigas|Slow Start|[silent]\n|\n|upkeep\n|\n|t:|1685378832\n|switch|p1a: Seismitoad|Seismitoad, L84, F|314/314\n|turn|12\n|\n|t:|1685378840\n|move|p2a: Mr. Mime|Psychic|p1a: Seismitoad\n|-damage|p1a: Seismitoad|28/314\n|move|p1a: Seismitoad|Sludge Bomb|p2a: Mr. Mime\n|-supereffective|p2a: Mr. Mime\n|-damage|p2a: Mr. Mime|0 fnt\n|faint|p2a: Mr. Mime\n|-damage|p1a: Seismitoad|0 fnt|[from] item: Life Orb\n|faint|p1a: Seismitoad\n|\n|upkeep\n|inactive|NasaKhatarnak has 90 seconds left.\n|\n|t:|1685378853\n|switch|p2a: Dugtrio|Dugtrio-Alola, L82, M|192/192\n|switch|p1a: Armaldo|Armaldo, L86, F|269/269\n|-damage|p2a: Dugtrio|186/192|[from] Stealth Rock\n|turn|13\n|inactive|NasaKhatarnak has 90 seconds left.\n|\n|t:|1685378868\n|move|p2a: Dugtrio|Iron Head|p1a: Armaldo\n|-supereffective|p1a: Armaldo\n|-damage|p1a: Armaldo|79/269\n|-damage|p2a: Dugtrio|167/192|[from] item: Life Orb\n|move|p1a: Armaldo|Liquidation|p2a: Dugtrio\n|-supereffective|p2a: Dugtrio\n|-damage|p2a: Dugtrio|0 fnt\n|-ability|p2a: Dugtrio|Tangling Hair\n|-unboost|p1a: Armaldo|spe|1\n|faint|p2a: Dugtrio\n|\n|upkeep\n|\n|t:|1685378874\n|switch|p2a: Eiscue|Eiscue, L82, M|256/256\n|-damage|p2a: Eiscue|192/256|[from] Stealth Rock\n|turn|14\n|inactive|NasaKhatarnak has 90 seconds left.\n|\n|t:|1685378885\n|move|p2a: Eiscue|Belly Drum|p2a: Eiscue\n|-damage|p2a: Eiscue|64/256\n|-setboost|p2a: Eiscue|atk|6|[from] move: Belly Drum\n|-enditem|p2a: Eiscue|Sitrus Berry|[eat]\n|-heal|p2a: Eiscue|128/256|[from] item: Sitrus Berry\n|move|p1a: Armaldo|Stone Edge|p2a: Eiscue\n|-activate|p2a: Eiscue|ability: Ice Face\n|-damage|p2a: Eiscue|128/256\n|detailschange|p2a: Eiscue|Eiscue-Noice, L82, M\n|\n|-fieldend|move: Psychic Terrain\n|upkeep\n|turn|15\n|inactive|NasaKhatarnak has 90 seconds left.\n|\n|t:|1685378904\n|move|p2a: Eiscue|Zen Headbutt|p1a: Armaldo\n|-damage|p1a: Armaldo|0 fnt\n|faint|p1a: Armaldo\n|\n|upkeep\n|\n|t:|1685378910\n|switch|p1a: Jirachi|Jirachi, L79|288/288\n|turn|16\n|inactive|NasaKhatarnak has 90 seconds left.\n|\n|t:|1685378923\n|move|p2a: Eiscue|Liquidation|p1a: Jirachi\n|-damage|p1a: Jirachi|110/288\n|-unboost|p1a: Jirachi|def|1\n|move|p1a: Jirachi|Iron Head|p2a: Eiscue\n|-supereffective|p2a: Eiscue\n|-damage|p2a: Eiscue|0 fnt\n|faint|p2a: Eiscue\n|\n|-heal|p1a: Jirachi|128/288|[from] item: Leftovers\n|upkeep\n|\n|t:|1685378926\n|switch|p2a: Zapdos|Zapdos, L78|268/268\n|turn|17\n|inactive|NasaKhatarnak has 90 seconds left.\n|\n|t:|1685378948\n|move|p1a: Jirachi|Fire Punch|p2a: Zapdos\n|-damage|p2a: Zapdos|212/268\n|move|p2a: Zapdos|Discharge|p1a: Jirachi\n|-damage|p1a: Jirachi|41/288\n|-status|p1a: Jirachi|par\n|\n|-heal|p1a: Jirachi|59/288 par|[from] item: Leftovers\n|upkeep\n|turn|18\n|\n|t:|1685378958\n|move|p2a: Zapdos|Discharge|p1a: Jirachi\n|-damage|p1a: Jirachi|0 fnt\n|faint|p1a: Jirachi\n|\n|win|zxczxcbxcx\n|raw|NasaKhatarnak's rating: 1000 &rarr; <strong>1000</strong><br />(+0 for losing)\n|raw|zxczxcbxcx's rating: 1000 &rarr; <strong>1040</strong><br />(+40 for winning)\n|l|\u2606NasaKhatarnak\n|l|\u203dzxczxcbxcx\n|j|\u203dzxczxcbxcx\n|player|p2|zxczxcbxcx|169\n", "inputlog": ">version 6fec31d5a0d4498a06105aa188c9906bc0b6bf95\n>start {\"formatid\":\"gen8randombattle\",\"seed\":[62975,27082,55431,14165],\"rated\":\"Rated battle\"}\n>player p1 {\"name\":\"NasaKhatarnak\",\"avatar\":\"169\",\"rating\":1000,\"seed\":[29526,18608,35832,32656]}\n>player p2 {\"name\":\"zxczxcbxcx\",\"avatar\":\"169\",\"rating\":1000,\"seed\":[58985,27831,25858,45625]}\n>p1 move stealthrock\n>p2 move toxic\n>p1 switch 2\n>p2 move toxic\n>p1 move dualwingbeat dynamax\n>p2 move leechseed\n>p1 move dualwingbeat dynamax\n>p2 move spikyshield\n>p2 switch 5\n>p1 move outrage dynamax\n>p2 switch 4\n>p1 move dragondance\n>p2 move dazzlinggleam\n>p1 switch 4\n>p1 move knockoff\n>p2 move nastyplot\n>p1 move knockoff\n>p2 move focusblast dynamax\n>p1 switch 3\n>p1 move substitute\n>p2 move dazzlinggleam dynamax\n>p1 move protect\n>p2 move psychic dynamax\n>p1 move protect\n>p2 move psychic\n>p1 switch 5\n>p1 move sludgebomb\n>p2 move psychic\n>p1 switch 2\n>p2 switch 2\n>p1 move liquidation\n>p2 move ironhead\n>p2 switch 3\n>p1 move stoneedge\n>p2 move bellydrum\n>p1 move stoneedge\n>p2 move zenheadbutt\n>p1 switch 6\n>p1 move ironhead\n>p2 move liquidation\n>p2 switch 4\n>p1 move firepunch\n>p2 move discharge\n>p1 move ironhead\n>p2 move discharge", "uploadtime": 1685378960, "views": 3, "p1id": "nasakhatarnak", "p2id": "zxczxcbxcx", "formatid": "gen8randombattle", "rating": 1000, "private": 0, "password": ""}