{"id": "gen8randombattle-1873723328", "p1": "Shadowpain19", "p2": "totallynotbgg", "format": "[Gen 8] Random Battle", "log": "|j|\u2606Shadowpain19\n|j|\u2606totallynotbgg\n|t:|1685410972\n|gametype|singles\n|player|p1|Shadowpain19|102|1203\n|player|p2|totallynotbgg|169|1308\n|teamsize|p1|6\n|teamsize|p2|6\n|gen|8\n|tier|[Gen 8] Random Battle\n|rated|\n|rule|Species Clause: Limit one of each Pok\u00e9mon\n|rule|HP Percentage Mod: HP is shown in percentages\n|rule|Sleep Clause Mod: Limit one foe put to sleep\n|\n|t:|1685410972\n|start\n|switch|p1a: Oranguru|Oranguru, L86, F|295/295\n|switch|p2a: Toxtricity|Toxtricity, L82, M|257/257\n|turn|1\n|inactive|Battle timer is ON: inactive players will automatically lose when time's up. (requested by Shadowpain19)\n|\n|t:|1685410988\n|switch|p2a: Weavile|Weavile, L79, M|240/240\n|switch|p1a: Thundurus|Thundurus-Therian, L80, M|258/258\n|\n|upkeep\n|turn|2\n|\n|t:|1685410998\n|move|p2a: Weavile|Triple Axel|p1a: Thundurus\n|-supereffective|p1a: Thundurus\n|-damage|p1a: Thundurus|204/258\n|-supereffective|p1a: Thundurus\n|-damage|p1a: Thundurus|90/258\n|-hitcount|p1a: Thundurus|2\n|move|p1a: Thundurus|Volt Switch|p2a: Weavile\n|-damage|p2a: Weavile|80/240\n|\n|t:|1685411004\n|switch|p1a: Whiscash|Whiscash, L86, M|329/329|[from] Volt Switch\n|\n|upkeep\n|turn|3\n|\n|t:|1685411023\n|move|p2a: Weavile|Knock Off|p1a: Whiscash\n|-damage|p1a: Whiscash|209/329\n|-enditem|p1a: Whiscash|Choice Band|[from] move: Knock Off|[of] p2a: Weavile\n|move|p1a: Whiscash|Liquidation|p2a: Weavile\n|-damage|p2a: Weavile|0 fnt\n|faint|p2a: Weavile\n|\n|upkeep\n|\n|t:|1685411036\n|switch|p2a: Celesteela|Celesteela, L77|276/276\n|turn|4\n|\n|t:|1685411041\n|move|p1a: Whiscash|Stone Edge|p2a: Celesteela\n|-damage|p2a: Celesteela|220/276\n|move|p2a: Celesteela|Leech Seed|p1a: Whiscash\n|-start|p1a: Whiscash|move: Leech Seed\n|\n|-heal|p2a: Celesteela|237/276|[from] item: Leftovers\n|-damage|p1a: Whiscash|168/329|[from] Leech Seed|[of] p2a: Celesteela\n|-heal|p2a: Celesteela|276/276|[silent]\n|upkeep\n|turn|5\n|\n|t:|1685411048\n|move|p1a: Whiscash|Stone Edge|p2a: Celesteela\n|-damage|p2a: Celesteela|210/276\n|move|p2a: Celesteela|Leech Seed|p1a: Whiscash|[miss]\n|-miss|p2a: Celesteela|p1a: Whiscash\n|\n|-heal|p2a: Celesteela|227/276|[from] item: Leftovers\n|-damage|p1a: Whiscash|127/329|[from] Leech Seed|[of] p2a: Celesteela\n|-heal|p2a: Celesteela|268/276|[silent]\n|upkeep\n|turn|6\n|\n|t:|1685411055\n|move|p1a: Whiscash|Stone Edge|p2a: Celesteela\n|-damage|p2a: Celesteela|206/276\n|move|p2a: Celesteela|Leech Seed||[still]\n|-fail|p2a: Celesteela\n|\n|-heal|p2a: Celesteela|223/276|[from] item: Leftovers\n|-damage|p1a: Whiscash|86/329|[from] Leech Seed|[of] p2a: Celesteela\n|-heal|p2a: Celesteela|264/276|[silent]\n|upkeep\n|turn|7\n|\n|t:|1685411060\n|move|p2a: Celesteela|Protect|p2a: Celesteela\n|-singleturn|p2a: Celesteela|Protect\n|move|p1a: Whiscash|Liquidation|p2a: Celesteela\n|-activate|p2a: Celesteela|move: Protect\n|\n|-heal|p2a: Celesteela|276/276|[from] item: Leftovers\n|-damage|p1a: Whiscash|45/329|[from] Leech Seed|[of] p2a: Celesteela\n|upkeep\n|turn|8\n|\n|t:|1685411065\n|move|p1a: Whiscash|Liquidation|p2a: Celesteela\n|-crit|p2a: Celesteela\n|-damage|p2a: Celesteela|168/276\n|move|p2a: Celesteela|Air Slash|p1a: Whiscash\n|-damage|p1a: Whiscash|0 fnt\n|faint|p1a: Whiscash\n|-ability|p2a: Celesteela|Beast Boost|boost\n|-boost|p2a: Celesteela|spa|1\n|\n|-heal|p2a: Celesteela|185/276|[from] item: Leftovers\n|upkeep\n|\n|t:|1685411077\n|switch|p1a: Thundurus|Thundurus-Therian, L80, M|90/258\n|turn|9\n|\n|t:|1685411101\n|switch|p2a: Toxtricity|Toxtricity, L82, M|257/257\n|move|p1a: Thundurus|Volt Switch|p2a: Toxtricity\n|-resisted|p2a: Toxtricity\n|-damage|p2a: Toxtricity|171/257\n|\n|t:|1685411113\n|switch|p1a: Oranguru|Oranguru, L86, F|295/295|[from] Volt Switch\n|\n|upkeep\n|turn|10\n|\n|t:|1685411134\n|switch|p2a: Reuniclus|Reuniclus, L84, M|322/322\n|move|p1a: Oranguru|Psychic|p2a: Reuniclus\n|-resisted|p2a: Reuniclus\n|-damage|p2a: Reuniclus|275/322\n|\n|upkeep\n|turn|11\n|\n|t:|1685411143\n|switch|p1a: Thundurus|Thundurus-Therian, L80, M|90/258\n|move|p2a: Reuniclus|Calm Mind|p2a: Reuniclus\n|-boost|p2a: Reuniclus|spa|1\n|-boost|p2a: Reuniclus|spd|1\n|\n|upkeep\n|turn|12\n|\n|t:|1685411154\n|move|p1a: Thundurus|Volt Switch|p2a: Reuniclus\n|-damage|p2a: Reuniclus|179/322\n|\n|t:|1685411160\n|switch|p1a: Mimikyu|Mimikyu, L76, M|209/209|[from] Volt Switch\n|move|p2a: Reuniclus|Recover|p2a: Reuniclus\n|-heal|p2a: Reuniclus|322/322\n|\n|upkeep\n|turn|13\n|\n|t:|1685411168\n|move|p1a: Mimikyu|Shadow Sneak|p2a: Reuniclus\n|-supereffective|p2a: Reuniclus\n|-damage|p2a: Reuniclus|221/322\n|-damage|p1a: Mimikyu|189/209|[from] item: Life Orb\n|move|p2a: Reuniclus|Psychic|p1a: Mimikyu\n|-activate|p1a: Mimikyu|ability: Disguise\n|-damage|p1a: Mimikyu|189/209\n|detailschange|p1a: Mimikyu|Mimikyu-Busted, L76, M\n|-damage|p1a: Mimikyu|163/209|[from] pokemon: Mimikyu-Busted\n|\n|upkeep\n|turn|14\n|\n|t:|1685411177\n|move|p1a: Mimikyu|Shadow Sneak|p2a: Reuniclus\n|-supereffective|p2a: Reuniclus\n|-damage|p2a: Reuniclus|133/322\n|-damage|p1a: Mimikyu|143/209|[from] item: Life Orb\n|move|p2a: Reuniclus|Psychic|p1a: Mimikyu\n|-damage|p1a: Mimikyu|0 fnt\n|faint|p1a: Mimikyu\n|\n|upkeep\n|\n|t:|1685411183\n|switch|p1a: Lycanroc|Lycanroc-Midnight, L82, F|274/274\n|turn|15\n|\n|t:|1685411190\n|move|p1a: Lycanroc|Iron Tail|p2a: Reuniclus\n|-damage|p2a: Reuniclus|24/322\n|-damage|p1a: Lycanroc|247/274|[from] item: Life Orb\n|move|p2a: Reuniclus|Recover|p2a: Reuniclus\n|-heal|p2a: Reuniclus|185/322\n|\n|upkeep\n|turn|16\n|\n|t:|1685411207\n|switch|p1a: Thundurus|Thundurus-Therian, L80, M|90/258\n|switch|p2a: Toxtricity|Toxtricity, L82, M|171/257\n|\n|upkeep\n|turn|17\n|\n|t:|1685411211\n|move|p1a: Thundurus|Psychic|p2a: Toxtricity\n|-supereffective|p2a: Toxtricity\n|-damage|p2a: Toxtricity|0 fnt\n|faint|p2a: Toxtricity\n|\n|upkeep\n|\n|t:|1685411226\n|switch|p2a: Reuniclus|Reuniclus, L84, M|185/322\n|turn|18\n|\n|t:|1685411239\n|move|p1a: Thundurus|Psychic|p2a: Reuniclus\n|-resisted|p2a: Reuniclus\n|-crit|p2a: Reuniclus\n|-damage|p2a: Reuniclus|98/322\n|move|p2a: Reuniclus|Recover|p2a: Reuniclus\n|-heal|p2a: Reuniclus|259/322\n|\n|upkeep\n|turn|19\n|\n|t:|1685411244\n|switch|p1a: Lycanroc|Lycanroc-Midnight, L82, F|247/274\n|move|p2a: Reuniclus|Recover|p2a: Reuniclus\n|-heal|p2a: Reuniclus|322/322\n|\n|upkeep\n|turn|20\n|\n|t:|1685411251\n|-start|p1a: Lycanroc|Dynamax|\n|-heal|p1a: Lycanroc|494/548|[silent]\n|move|p1a: Lycanroc|Max Knuckle|p2a: Reuniclus\n|-resisted|p2a: Reuniclus\n|-damage|p2a: Reuniclus|270/322\n|-boost|p1a: Lycanroc|atk|1\n|-damage|p1a: Lycanroc|467/548|[from] item: Life Orb\n|move|p2a: Reuniclus|Psychic|p1a: Lycanroc\n|-damage|p1a: Lycanroc|294/548\n|\n|upkeep\n|turn|21\n|\n|t:|1685411278\n|move|p1a: Lycanroc|Max Knuckle|p2a: Reuniclus\n|-resisted|p2a: Reuniclus\n|-damage|p2a: Reuniclus|189/322\n|-boost|p1a: Lycanroc|atk|1\n|-damage|p1a: Lycanroc|267/548|[from] item: Life Orb\n|move|p2a: Reuniclus|Psychic|p1a: Lycanroc\n|-damage|p1a: Lycanroc|94/548\n|\n|upkeep\n|turn|22\n|\n|t:|1685411287\n|move|p1a: Lycanroc|Max Rockfall|p2a: Reuniclus\n|-damage|p2a: Reuniclus|0 fnt\n|-weather|Sandstorm\n|faint|p2a: Reuniclus\n|-damage|p1a: Lycanroc|67/548|[from] item: Life Orb\n|\n|-weather|Sandstorm|[upkeep]\n|upkeep\n|\n|t:|1685411295\n|switch|p2a: Blaziken|Blaziken, L76, M|247/247\n|-end|p1a: Lycanroc|Dynamax\n|-heal|p1a: Lycanroc|34/274|[silent]\n|turn|23\n|\n|t:|1685411304\n|-start|p2a: Blaziken|Dynamax|\n|-heal|p2a: Blaziken|494/494|[silent]\n|move|p2a: Blaziken|Max Guard|p2a: Blaziken\n|-singleturn|p2a: Blaziken|Max Guard\n|move|p1a: Lycanroc|Stone Edge|p2a: Blaziken\n|-activate|p2a: Blaziken|move: Max Guard\n|\n|-weather|Sandstorm|[upkeep]\n|-damage|p2a: Blaziken|479/494|[from] Sandstorm\n|-ability|p2a: Blaziken|Speed Boost|boost\n|-boost|p2a: Blaziken|spe|1\n|upkeep\n|turn|24\n|\n|t:|1685411312\n|move|p2a: Blaziken|Max Knuckle|p1a: Lycanroc\n|-supereffective|p1a: Lycanroc\n|-damage|p1a: Lycanroc|0 fnt\n|-boost|p2a: Blaziken|atk|1\n|faint|p1a: Lycanroc\n|-damage|p2a: Blaziken|455/494|[from] item: Life Orb\n|\n|-weather|Sandstorm|[upkeep]\n|-damage|p2a: Blaziken|440/494|[from] Sandstorm\n|-ability|p2a: Blaziken|Speed Boost|boost\n|-boost|p2a: Blaziken|spe|1\n|upkeep\n|\n|t:|1685411328\n|switch|p1a: Thundurus|Thundurus-Therian, L80, M|90/258\n|turn|25\n|\n|t:|1685411334\n|move|p2a: Blaziken|Max Flare|p1a: Thundurus\n|-damage|p1a: Thundurus|0 fnt\n|-weather|SunnyDay\n|faint|p1a: Thundurus\n|-damage|p2a: Blaziken|416/494|[from] item: Life Orb\n|\n|-weather|SunnyDay|[upkeep]\n|-ability|p2a: Blaziken|Speed Boost|boost\n|-boost|p2a: Blaziken|spe|1\n|upkeep\n|\n|t:|1685411336\n|switch|p1a: Oranguru|Oranguru, L86, F|295/295\n|-end|p2a: Blaziken|Dynamax\n|-heal|p2a: Blaziken|208/247|[silent]\n|turn|26\n|\n|t:|1685411344\n|move|p2a: Blaziken|Flare Blitz|p1a: Oranguru\n|-damage|p1a: Oranguru|0 fnt\n|faint|p1a: Oranguru\n|-damage|p2a: Blaziken|111/247|[from] Recoil\n|-damage|p2a: Blaziken|87/247|[from] item: Life Orb\n|\n|-weather|SunnyDay|[upkeep]\n|-ability|p2a: Blaziken|Speed Boost|boost\n|-boost|p2a: Blaziken|spe|1\n|upkeep\n|\n|t:|1685411354\n|switch|p1a: Crobat|Crobat, L82, F|274/274\n|turn|27\n|\n|t:|1685411359\n|move|p2a: Blaziken|Flare Blitz|p1a: Crobat\n|-damage|p1a: Crobat|0 fnt\n|faint|p1a: Crobat\n|-damage|p2a: Blaziken|0 fnt|[from] Recoil\n|faint|p2a: Blaziken\n|\n|win|totallynotbgg\n|raw|Shadowpain19's rating: 1203 &rarr; <strong>1185</strong><br />(-18 for losing)\n|raw|totallynotbgg's rating: 1308 &rarr; <strong>1322</strong><br />(+14 for winning)\n", "inputlog": ">version 6fec31d5a0d4498a06105aa188c9906bc0b6bf95\n>start {\"formatid\":\"gen8randombattle\",\"seed\":[62750,56575,23165,12465],\"rated\":\"Rated battle\"}\n>player p1 {\"name\":\"Shadowpain19\",\"avatar\":\"102\",\"rating\":1203,\"seed\":[17624,1361,27365,62057]}\n>player p2 {\"name\":\"totallynotbgg\",\"avatar\":\"169\",\"rating\":1308,\"seed\":[24735,29348,58770,20322]}\n>p1 switch 3\n>p2 switch 5\n>p1 move voltswitch\n>p2 move tripleaxel\n>p1 switch 5\n>p1 move liquidation\n>p2 move knockoff\n>p2 switch 3\n>p1 move stoneedge\n>p2 move leechseed\n>p1 move stoneedge\n>p2 move leechseed\n>p1 move stoneedge\n>p2 move leechseed\n>p1 move liquidation\n>p2 move protect\n>p1 move liquidation\n>p2 move airslash\n>p1 switch 5\n>p1 move voltswitch\n>p2 switch 5\n>p1 switch 3\n>p1 move psychic\n>p2 switch 2\n>p1 switch 3\n>p2 move calmmind\n>p1 move voltswitch\n>p2 move recover\n>p1 switch 6\n>p1 move shadowsneak\n>p2 move psychic\n>p1 move shadowsneak\n>p2 move psychic\n>p1 switch 2\n>p1 move irontail\n>p2 move recover\n>p1 switch 6\n>p2 switch 2\n>p1 move psychic\n>p2 move shiftgear\n>p2 switch 2\n>p1 move psychic\n>p2 move recover\n>p1 switch 6\n>p2 move recover\n>p1 move closecombat dynamax\n>p2 move psychic\n>p1 move closecombat dynamax\n>p2 move psychic\n>p1 move stoneedge dynamax\n>p2 move psychic\n>p2 switch 6\n>p1 move stoneedge\n>p2 move swordsdance dynamax\n>p1 move stoneedge\n>p2 move closecombat dynamax\n>p1 switch 6\n>p1 move psychic\n>p2 move flareblitz dynamax\n>p1 switch 3\n>p1 move psychic\n>p2 move flareblitz\n>p1 switch 4\n>p1 move bravebird\n>p2 move flareblitz", "uploadtime": 1685411366, "views": 8, "p1id": "shadowpain19", "p2id": "totallynotbgg", "formatid": "gen8randombattle", "rating": 1185, "private": 0, "password": ""}