{"id": "gen8randombattle-1873707940", "p1": "Quoise", "p2": "forsh", "format": "[Gen 8] Random Battle", "log": "|j|\u2606Quoise\n|j|\u2606forsh\n|t:|1685408915\n|gametype|singles\n|player|p1|Quoise|bugcatcher-gen4dp|\n|player|p2|forsh|ballguy|\n|teamsize|p1|6\n|teamsize|p2|6\n|gen|8\n|tier|[Gen 8] Random Battle\n|rule|Species Clause: Limit one of each Pok\u00e9mon\n|rule|HP Percentage Mod: HP is shown in percentages\n|rule|Sleep Clause Mod: Limit one foe put to sleep\n|\n|t:|1685408915\n|start\n|switch|p1a: Slowbro|Slowbro-Galar, L86, F|304/304\n|switch|p2a: Claydol|Claydol, L86|243/243\n|turn|1\n|inactive|Battle timer is ON: inactive players will automatically lose when time's up. (requested by Quoise)\n|inactive|forsh also wants the timer to be on.\n|c|\u2606Quoise|i'll annihilate you\n|c|\u2606forsh|for?\n|c|\u2606Quoise|for claiming to not call me man\n|c|\u2606forsh|ok man chill\n|\n|t:|1685408942\n|switch|p1a: Eldegoss|Eldegoss, L90, F|254/254\n|move|p2a: Claydol|Stealth Rock|p1a: Eldegoss\n|-sidestart|p1: Quoise|move: Stealth Rock\n|\n|upkeep\n|turn|2\n|c|\u2606Quoise|\u03c6(\u309c\u25bd\u309c*)\u266a\n|\n|t:|1685408971\n|move|p2a: Claydol|Toxic|p1a: Eldegoss\n|-status|p1a: Eldegoss|tox\n|move|p1a: Eldegoss|Sleep Powder|p2a: Claydol\n|-status|p2a: Claydol|slp|[from] move: Sleep Powder\n|\n|-damage|p1a: Eldegoss|239/254 tox|[from] psn\n|upkeep\n|turn|3\n|\n|t:|1685408983\n|switch|p2a: Weezing|Weezing-Galar, L86, M|252/252\n|-ability|p2a: Weezing|Neutralizing Gas\n|move|p1a: Eldegoss|Energy Ball|p2a: Weezing\n|-resisted|p2a: Weezing\n|-damage|p2a: Weezing|200/252\n|-unboost|p2a: Weezing|spd|1\n|\n|-heal|p2a: Weezing|215/252|[from] item: Black Sludge\n|-damage|p1a: Eldegoss|209/254 tox|[from] psn\n|upkeep\n|turn|4\n|\n|t:|1685408986\n|move|p1a: Eldegoss|Rapid Spin|p2a: Weezing\n|-damage|p2a: Weezing|195/252\n|-boost|p1a: Eldegoss|spe|1\n|-sideend|p1: Quoise|Stealth Rock|[from] move: Rapid Spin|[of] p1a: Eldegoss\n|move|p2a: Weezing|Fire Blast|p1a: Eldegoss\n|-supereffective|p1a: Eldegoss\n|-damage|p1a: Eldegoss|105/254 tox\n|\n|-heal|p2a: Weezing|210/252|[from] item: Black Sludge\n|-damage|p1a: Eldegoss|60/254 tox|[from] psn\n|upkeep\n|turn|5\n|\n|t:|1685408994\n|switch|p1a: Slowbro|Slowbro-Galar, L86, F|304/304\n|move|p2a: Weezing|Will-O-Wisp|p1a: Slowbro\n|-status|p1a: Slowbro|brn\n|\n|-heal|p2a: Weezing|225/252|[from] item: Black Sludge\n|-damage|p1a: Slowbro|285/304 brn|[from] brn\n|upkeep\n|turn|6\n|\n|t:|1685409000\n|-end|p2a: Weezing|ability: Neutralizing Gas\n|switch|p2a: Claydol|Claydol, L86|243/243 slp\n|move|p1a: Slowbro|Trick|p2a: Claydol\n|-activate|p1a: Slowbro|move: Trick|[of] p2a: Claydol\n|-item|p2a: Claydol|Choice Specs|[from] move: Trick\n|-item|p1a: Slowbro|Leftovers|[from] move: Trick\n|\n|-heal|p1a: Slowbro|304/304 brn|[from] item: Leftovers\n|-damage|p1a: Slowbro|285/304 brn|[from] brn\n|upkeep\n|turn|7\n|\n|t:|1685409009\n|switch|p1a: Eldegoss|Eldegoss, L90, F|60/254 tox\n|cant|p2a: Claydol|slp\n|\n|-damage|p1a: Eldegoss|45/254 tox|[from] psn\n|upkeep\n|turn|8\n|\n|t:|1685409020\n|switch|p1a: Togedemaru|Togedemaru, L86, F|252/252\n|cant|p2a: Claydol|slp\n|\n|upkeep\n|turn|9\n|\n|t:|1685409029\n|move|p1a: Togedemaru|Iron Head|p2a: Claydol\n|-damage|p2a: Claydol|162/243 slp\n|-curestatus|p2a: Claydol|slp|[msg]\n|move|p2a: Claydol|Psychic|p1a: Togedemaru\n|-resisted|p1a: Togedemaru\n|-damage|p1a: Togedemaru|184/252\n|\n|-heal|p1a: Togedemaru|199/252|[from] item: Leftovers\n|upkeep\n|turn|10\n|\n|t:|1685409038\n|switch|p2a: Qwilfish|Qwilfish, L84, M|246/246\n|-ability|p2a: Qwilfish|Intimidate|boost\n|-unboost|p1a: Togedemaru|atk|1\n|move|p1a: Togedemaru|Iron Head|p2a: Qwilfish\n|-resisted|p2a: Qwilfish\n|-damage|p2a: Qwilfish|218/246\n|\n|-heal|p1a: Togedemaru|214/252|[from] item: Leftovers\n|-heal|p2a: Qwilfish|233/246|[from] item: Black Sludge\n|upkeep\n|turn|11\n|\n|t:|1685409041\n|switch|p2a: Claydol|Claydol, L86|162/243\n|move|p1a: Togedemaru|Zing Zap|p2a: Claydol\n|-immune|p2a: Claydol\n|\n|-heal|p1a: Togedemaru|229/252|[from] item: Leftovers\n|upkeep\n|turn|12\n|\n|t:|1685409043\n|move|p1a: Togedemaru|Iron Head|p2a: Claydol\n|-damage|p2a: Claydol|114/243\n|move|p2a: Claydol|Psychic|p1a: Togedemaru\n|-resisted|p1a: Togedemaru\n|-damage|p1a: Togedemaru|167/252\n|\n|-heal|p1a: Togedemaru|182/252|[from] item: Leftovers\n|upkeep\n|turn|13\n|j| Lrogue \u2740\n|\n|t:|1685409048\n|move|p1a: Togedemaru|Zing Zap|p2a: Claydol\n|-immune|p2a: Claydol\n|move|p2a: Claydol|Psychic|p1a: Togedemaru\n|-resisted|p1a: Togedemaru\n|-damage|p1a: Togedemaru|118/252\n|\n|-heal|p1a: Togedemaru|133/252|[from] item: Leftovers\n|upkeep\n|turn|14\n|\n|t:|1685409053\n|switch|p2a: Qwilfish|Qwilfish, L84, M|233/246\n|-ability|p2a: Qwilfish|Intimidate|boost\n|-unboost|p1a: Togedemaru|atk|1\n|move|p1a: Togedemaru|Wish|p1a: Togedemaru\n|\n|-heal|p1a: Togedemaru|148/252|[from] item: Leftovers\n|-heal|p2a: Qwilfish|246/246|[from] item: Black Sludge\n|upkeep\n|turn|15\n|c| Lrogue \u2740|Hmm\n|c|\u2606Quoise|lrogue\n|c|\u2606Quoise|this narwhal called me a man\n|c| Lrogue \u2740|Hello\n|c|\u2606forsh|hi Lrogue!\n|c|\u2606Quoise|and then claimed to not called me man\n|c|\u2606Quoise|i must crush him\n|c| Lrogue \u2740|Whut\n|inactive|Quoise has 270 seconds left.\n|\n|t:|1685409087\n|switch|p1a: Eldegoss|Eldegoss, L90, F|129/254 tox\n|move|p2a: Qwilfish|Toxic Spikes|p1a: Eldegoss\n|-sidestart|p1: Quoise|move: Toxic Spikes\n|\n|-heal|p1a: Eldegoss|254/254 tox|[from] move: Wish|[wisher] Togedemaru\n|-damage|p1a: Eldegoss|239/254 tox|[from] psn\n|upkeep\n|turn|16\n|c| Lrogue \u2740|It's one or the other forsh\n|c| Lrogue \u2740|Which is it\n|\n|t:|1685409105\n|switch|p2a: Weezing|Weezing-Galar, L86, M|225/252\n|-ability|p2a: Weezing|Neutralizing Gas\n|move|p1a: Eldegoss|Sleep Powder|p2a: Weezing|[miss]\n|-miss|p1a: Eldegoss|p2a: Weezing\n|\n|-heal|p2a: Weezing|240/252|[from] item: Black Sludge\n|-damage|p1a: Eldegoss|209/254 tox|[from] psn\n|upkeep\n|turn|17\n|c|\u2606forsh|stop\n|c|\u2606forsh|stop oding that\n|\n|t:|1685409112\n|move|p1a: Eldegoss|Sleep Powder|p2a: Weezing\n|-status|p2a: Weezing|slp|[from] move: Sleep Powder\n|cant|p2a: Weezing|slp\n|\n|-heal|p2a: Weezing|252/252 slp|[from] item: Black Sludge\n|-damage|p1a: Eldegoss|164/254 tox|[from] psn\n|upkeep\n|turn|18\n|\n|t:|1685409115\n|move|p1a: Eldegoss|Rapid Spin|p2a: Weezing\n|-damage|p2a: Weezing|231/252 slp\n|-boost|p1a: Eldegoss|spe|1\n|-sideend|p1: Quoise|Toxic Spikes|[from] move: Rapid Spin|[of] p1a: Eldegoss\n|-curestatus|p2a: Weezing|slp|[msg]\n|move|p2a: Weezing|Fire Blast|p1a: Eldegoss\n|-supereffective|p1a: Eldegoss\n|-damage|p1a: Eldegoss|64/254 tox\n|\n|-heal|p2a: Weezing|246/252|[from] item: Black Sludge\n|-damage|p1a: Eldegoss|4/254 tox|[from] psn\n|upkeep\n|turn|19\n|c|\u2606Quoise|ow\n|\n|t:|1685409123\n|switch|p1a: Slowbro|Slowbro-Galar, L86, F|304/304 brn\n|-end|p2a: Weezing|ability: Neutralizing Gas\n|switch|p2a: Claydol|Claydol, L86|114/243\n|\n|-damage|p1a: Slowbro|285/304 brn|[from] brn\n|upkeep\n|turn|20\n|c|\u2606forsh|baka!\n|c| Lrogue \u2740|Also I am still contemplating if I play too much gen 7\n|c|\u2606forsh|BAKA BAKA!\n|c|\u2606Quoise|are you enjoying it\n|c| Lrogue \u2740|Yes\n|c|\u2606forsh|gen 7\n|c|\u2606forsh|today\n|\n|t:|1685409146\n|move|p2a: Claydol|Stealth Rock|p1a: Slowbro\n|-sidestart|p1: Quoise|move: Stealth Rock\n|move|p1a: Slowbro|Flamethrower|p2a: Claydol\n|-damage|p2a: Claydol|64/243\n|\n|-heal|p1a: Slowbro|304/304 brn|[from] item: Leftovers\n|-damage|p1a: Slowbro|285/304 brn|[from] brn\n|upkeep\n|turn|21\n|c|\u2606forsh|is much different than 1 year ago\n|c|\u2606forsh|r u specS?\n|\n|t:|1685409158\n|move|p2a: Claydol|Stealth Rock||[still]\n|-fail|p2a: Claydol\n|move|p1a: Slowbro|Psychic|p2a: Claydol\n|-resisted|p2a: Claydol\n|-damage|p2a: Claydol|26/243\n|\n|-heal|p1a: Slowbro|304/304 brn|[from] item: Leftovers\n|-damage|p1a: Slowbro|285/304 brn|[from] brn\n|upkeep\n|turn|22\n|c| Lrogue \u2740|But I challenged cake to check the code to look for z conversion Porygon z which he insisted was still in the format\n|c| Lrogue \u2740|And I said no\n|\n|t:|1685409182\n|switch|p2a: Qwilfish|Qwilfish, L84, M|246/246\n|-ability|p2a: Qwilfish|Intimidate|boost\n|-unboost|p1a: Slowbro|atk|1\n|switch|p1a: Eldegoss|Eldegoss, L90, F|4/254 tox\n|\n|-damage|p1a: Eldegoss|0 fnt|[from] psn\n|faint|p1a: Eldegoss\n|upkeep\n|c|\u2606Quoise|wait\n|c|\u2606Quoise|what happened to my regen\n|inactive|Quoise has 270 seconds left.\n|c|\u2606forsh|NGas\n|c|\u2606Quoise|WTF\n|c|\u2606forsh|ikr\n|\n|t:|1685409206\n|switch|p1a: Togedemaru|Togedemaru, L86, F|148/252\n|-damage|p1a: Togedemaru|133/252|[from] Stealth Rock\n|turn|23\n|c|\u2606Quoise|you can't do that!\n|\n|t:|1685409213\n|switch|p2a: Audino|Audino, L91, M|335/335\n|move|p1a: Togedemaru|Iron Head|p2a: Audino\n|-damage|p2a: Audino|250/335\n|\n|-heal|p1a: Togedemaru|148/252|[from] item: Leftovers\n|-heal|p2a: Audino|270/335|[from] item: Leftovers\n|upkeep\n|turn|24\n|c| Lrogue \u2740|I was correct\n|\n|t:|1685409222\n|move|p1a: Togedemaru|Zing Zap|p2a: Audino\n|-damage|p2a: Audino|188/335\n|cant|p2a: Audino|flinch\n|\n|-heal|p1a: Togedemaru|163/252|[from] item: Leftovers\n|-heal|p2a: Audino|208/335|[from] item: Leftovers\n|upkeep\n|turn|25\n|c| Lrogue \u2740|I proved the guy who codes the formats wrong\n|\n|t:|1685409231\n|move|p1a: Togedemaru|Zing Zap|p2a: Audino\n|-damage|p2a: Audino|118/335\n|move|p2a: Audino|Knock Off|p1a: Togedemaru\n|-damage|p1a: Togedemaru|94/252\n|-enditem|p1a: Togedemaru|Leftovers|[from] move: Knock Off|[of] p2a: Audino\n|\n|-heal|p2a: Audino|138/335|[from] item: Leftovers\n|upkeep\n|turn|26\n|\n|t:|1685409237\n|move|p1a: Togedemaru|Iron Head|p2a: Audino\n|-damage|p2a: Audino|54/335\n|move|p2a: Audino|Wish|p2a: Audino\n|\n|-heal|p2a: Audino|74/335|[from] item: Leftovers\n|upkeep\n|turn|27\n|c| Lrogue \u2740|Does that mean I no lifed too hard\n|\n|t:|1685409242\n|move|p2a: Audino|Protect|p2a: Audino\n|-singleturn|p2a: Audino|Protect\n|move|p1a: Togedemaru|Wish|p1a: Togedemaru\n|\n|-heal|p2a: Audino|241/335|[from] move: Wish|[wisher] Audino\n|-heal|p2a: Audino|261/335|[from] item: Leftovers\n|upkeep\n|turn|28\n|\n|t:|1685409246\n|move|p1a: Togedemaru|Spiky Shield|p1a: Togedemaru\n|-singleturn|p1a: Togedemaru|move: Protect\n|move|p2a: Audino|Wish|p2a: Audino\n|\n|-heal|p1a: Togedemaru|220/252|[from] move: Wish|[wisher] Togedemaru\n|-heal|p2a: Audino|281/335|[from] item: Leftovers\n|upkeep\n|turn|29\n|\n|t:|1685409256\n|switch|p2a: Qwilfish|Qwilfish, L84, M|246/246\n|-ability|p2a: Qwilfish|Intimidate|boost\n|-unboost|p1a: Togedemaru|atk|1\n|move|p1a: Togedemaru|Wish|p1a: Togedemaru\n|\n|upkeep\n|turn|30\n|\n|t:|1685409264\n|switch|p2a: Audino|Audino, L91, M|335/335\n|move|p1a: Togedemaru|Zing Zap|p2a: Audino\n|-damage|p2a: Audino|281/335\n|\n|-heal|p1a: Togedemaru|252/252|[from] move: Wish|[wisher] Togedemaru\n|-heal|p2a: Audino|301/335|[from] item: Leftovers\n|upkeep\n|turn|31\n|\n|t:|1685409270\n|move|p1a: Togedemaru|Wish|p1a: Togedemaru\n|move|p2a: Audino|Wish|p2a: Audino\n|\n|-heal|p2a: Audino|321/335|[from] item: Leftovers\n|upkeep\n|turn|32\n|\n|t:|1685409274\n|switch|p1a: Slowbro|Slowbro-Galar, L86, F|304/304 brn\n|-damage|p1a: Slowbro|266/304 brn|[from] Stealth Rock\n|switch|p2a: Qwilfish|Qwilfish, L84, M|246/246\n|-ability|p2a: Qwilfish|Intimidate|boost\n|-unboost|p1a: Slowbro|atk|1\n|\n|-heal|p1a: Slowbro|304/304 brn|[from] move: Wish|[wisher] Togedemaru\n|-damage|p1a: Slowbro|285/304 brn|[from] brn\n|upkeep\n|turn|33\n|\n|t:|1685409284\n|switch|p2a: Audino|Audino, L91, M|335/335\n|move|p1a: Slowbro|Psychic|p2a: Audino\n|-damage|p2a: Audino|236/335\n|-unboost|p2a: Audino|spd|1\n|\n|-heal|p2a: Audino|256/335|[from] item: Leftovers\n|-heal|p1a: Slowbro|304/304 brn|[from] item: Leftovers\n|-damage|p1a: Slowbro|285/304 brn|[from] brn\n|upkeep\n|turn|34\n|\n|t:|1685409291\n|move|p2a: Audino|Knock Off|p1a: Slowbro\n|-supereffective|p1a: Slowbro\n|-damage|p1a: Slowbro|179/304 brn\n|-enditem|p1a: Slowbro|Leftovers|[from] move: Knock Off|[of] p2a: Audino\n|move|p1a: Slowbro|Psychic|p2a: Audino\n|-damage|p2a: Audino|108/335\n|\n|-heal|p2a: Audino|128/335|[from] item: Leftovers\n|-damage|p1a: Slowbro|160/304 brn|[from] brn\n|upkeep\n|turn|35\n|\n|t:|1685409294\n|move|p2a: Audino|Protect|p2a: Audino\n|-singleturn|p2a: Audino|Protect\n|move|p1a: Slowbro|Trick|p2a: Audino\n|-activate|p2a: Audino|move: Protect\n|\n|-heal|p2a: Audino|148/335|[from] item: Leftovers\n|-damage|p1a: Slowbro|141/304 brn|[from] brn\n|upkeep\n|turn|36\n|\n|t:|1685409298\n|switch|p2a: Claydol|Claydol, L86|26/243\n|move|p1a: Slowbro|Psychic|p2a: Claydol\n|-resisted|p2a: Claydol\n|-damage|p2a: Claydol|0 fnt\n|faint|p2a: Claydol\n|\n|-damage|p1a: Slowbro|122/304 brn|[from] brn\n|upkeep\n|\n|t:|1685409299\n|switch|p2a: Farfetch\u2019d|Farfetch\u2019d, L90, F|239/239\n|turn|37\n|\n|t:|1685409306\n|switch|p1a: Regirock|Regirock, L85|275/275\n|-damage|p1a: Regirock|241/275|[from] Stealth Rock\n|move|p2a: Farfetch\u2019d|Close Combat|p1a: Regirock\n|-supereffective|p1a: Regirock\n|-crit|p1a: Regirock\n|-damage|p1a: Regirock|113/275\n|-unboost|p2a: Farfetch\u2019d|def|1\n|-unboost|p2a: Farfetch\u2019d|spd|1\n|\n|-heal|p1a: Regirock|130/275|[from] item: Leftovers\n|upkeep\n|turn|38\n|c|\u2606Quoise|forsh\n|c|\u2606Quoise|stop it\n|\n|t:|1685409318\n|move|p2a: Farfetch\u2019d|Close Combat|p1a: Regirock\n|-supereffective|p1a: Regirock\n|-damage|p1a: Regirock|36/275\n|-unboost|p2a: Farfetch\u2019d|def|1\n|-unboost|p2a: Farfetch\u2019d|spd|1\n|move|p1a: Regirock|Rock Slide|p2a: Farfetch\u2019d\n|-supereffective|p2a: Farfetch\u2019d\n|-damage|p2a: Farfetch\u2019d|0 fnt\n|faint|p2a: Farfetch\u2019d\n|\n|-heal|p1a: Regirock|53/275|[from] item: Leftovers\n|upkeep\n|c|\u2606forsh|i am defiant\n|\n|t:|1685409322\n|switch|p2a: Tyrantrum|Tyrantrum, L82, M|269/269\n|turn|39\n|c|\u2606forsh|this is the chance i needed\n|\n|t:|1685409327\n|move|p2a: Tyrantrum|Dragon Dance|p2a: Tyrantrum\n|-boost|p2a: Tyrantrum|atk|1\n|-boost|p2a: Tyrantrum|spe|1\n|move|p1a: Regirock|Earthquake|p2a: Tyrantrum\n|-supereffective|p2a: Tyrantrum\n|-damage|p2a: Tyrantrum|143/269\n|\n|-heal|p1a: Regirock|70/275|[from] item: Leftovers\n|upkeep\n|turn|40\n|\n|t:|1685409331\n|move|p2a: Tyrantrum|Earthquake|p1a: Regirock\n|-supereffective|p1a: Regirock\n|-damage|p1a: Regirock|0 fnt\n|faint|p1a: Regirock\n|-damage|p2a: Tyrantrum|117/269|[from] item: Life Orb\n|\n|upkeep\n|c|\u2606forsh|BAKAYARO\n|c|\u2606forsh|CONAYARO\n|c|\u2606Quoise|oh no big dino\n|c|\u2606forsh|CONA YARO\n|c|\u2606forsh|i have a pu team\n|c|\u2606forsh|!dt tyrantrum\n|raw|<div class=\"message\"><ul class=\"utilichart\"><li class=\"result\"><span class=\"col numcol\">NU</span> <span class=\"col iconcol\"><psicon pokemon=\"tyrantrum\"/></span> <span class=\"col pokemonnamecol\" style=\"white-space:nowrap\"><a href=\"https://dex.pokemonshowdown.com/pokemon/tyrantrum\" target=\"_blank\">Tyrantrum</a></span> <span class=\"col typecol\"><img src=\"https://play.pokemonshowdown.com/sprites/types/Rock.png\" alt=\"Rock\" height=\"14\" width=\"32\"><img src=\"https://play.pokemonshowdown.com/sprites/types/Dragon.png\" alt=\"Dragon\" height=\"14\" width=\"32\"></span> <span style=\"float:left;min-height:26px\"><span class=\"col abilitycol\">Strong Jaw</span><span class=\"col abilitycol\"><em>Rock Head</em></span></span><span style=\"float:left;min-height:26px\"><span class=\"col statcol\"><em>HP</em><br />82</span> <span class=\"col statcol\"><em>Atk</em><br />121</span> <span class=\"col statcol\"><em>Def</em><br />119</span> <span class=\"col statcol\"><em>SpA</em><br />69</span> <span class=\"col statcol\"><em>SpD</em><br />59</span> <span class=\"col statcol\"><em>Spe</em><br />71</span> <span class=\"col bstcol\"><em>BST<br />521</em></span> </span></li><li style=\"clear:both\"></li></ul></div>\n|raw|<font size=\"1\"><font color=\"#686868\">Dex#:</font> 697&nbsp;|&ThickSpace;<font color=\"#686868\">Gen:</font> 6&nbsp;|&ThickSpace;<font color=\"#686868\">Height:</font> 2.5 m&nbsp;|&ThickSpace;<font color=\"#686868\">Weight:</font> 270 kg <em>(120 BP)</em>&nbsp;|&ThickSpace;<font color=\"#686868\">Dex Colour:</font> Red&nbsp;|&ThickSpace;<font color=\"#686868\">Egg Group(s):</font> Monster, Dragon&nbsp;|&ThickSpace;<font color=\"#686868\">Does Not Evolve</font></font>\n\n|inactive|Quoise has 270 seconds left.\n|c| Lrogue \u2740|Liar\n|c|\u2606forsh|!dt weezinggalar\n|raw|<div class=\"message\"><ul class=\"utilichart\"><li class=\"result\"><span class=\"col numcol\">RU</span> <span class=\"col iconcol\"><psicon pokemon=\"weezinggalar\"/></span> <span class=\"col pokemonnamecol\" style=\"white-space:nowrap\"><a href=\"https://dex.pokemonshowdown.com/pokemon/weezinggalar\" target=\"_blank\">Weezing-Galar</a></span> <span class=\"col typecol\"><img src=\"https://play.pokemonshowdown.com/sprites/types/Poison.png\" alt=\"Poison\" height=\"14\" width=\"32\"><img src=\"https://play.pokemonshowdown.com/sprites/types/Fairy.png\" alt=\"Fairy\" height=\"14\" width=\"32\"></span> <span style=\"float:left;min-height:26px\"><span class=\"col twoabilitycol\">Levitate<br />Neutralizing Gas</span><span class=\"col abilitycol\"><em>Misty Surge</em></span></span><span style=\"float:left;min-height:26px\"><span class=\"col statcol\"><em>HP</em><br />65</span> <span class=\"col statcol\"><em>Atk</em><br />90</span> <span class=\"col statcol\"><em>Def</em><br />120</span> <span class=\"col statcol\"><em>SpA</em><br />85</span> <span class=\"col statcol\"><em>SpD</em><br />70</span> <span class=\"col statcol\"><em>Spe</em><br />60</span> <span class=\"col bstcol\"><em>BST<br />490</em></span> </span></li><li style=\"clear:both\"></li></ul></div>\n|raw|<font size=\"1\"><font color=\"#686868\">Dex#:</font> 110&nbsp;|&ThickSpace;<font color=\"#686868\">Gen:</font> 8&nbsp;|&ThickSpace;<font color=\"#686868\">Height:</font> 3 m&nbsp;|&ThickSpace;<font color=\"#686868\">Weight:</font> 16 kg <em>(40 BP)</em>&nbsp;|&ThickSpace;<font color=\"#686868\">Dex Colour:</font> Gray&nbsp;|&ThickSpace;<font color=\"#686868\">Egg Group(s):</font> Amorphous&nbsp;|&ThickSpace;<font color=\"#686868\">Does Not Evolve</font></font>\n\n|\n|t:|1685409370\n|switch|p1a: Hitmonchan|Hitmonchan, L86, M|226/226\n|-damage|p1a: Hitmonchan|212/226|[from] Stealth Rock\n|turn|41\n|\n|t:|1685409374\n|-start|p2a: Tyrantrum|Dynamax|\n|-heal|p2a: Tyrantrum|234/538|[silent]\n|-start|p1a: Hitmonchan|Dynamax|\n|-heal|p1a: Hitmonchan|424/452|[silent]\n|move|p2a: Tyrantrum|Max Wyrmwind|p1a: Hitmonchan\n|-damage|p1a: Hitmonchan|108/452\n|-unboost|p1a: Hitmonchan|atk|1\n|-damage|p2a: Tyrantrum|208/538|[from] item: Life Orb\n|move|p1a: Hitmonchan|Max Knuckle|p2a: Tyrantrum\n|-supereffective|p2a: Tyrantrum\n|-damage|p2a: Tyrantrum|49/538\n|-boost|p1a: Hitmonchan|atk|1\n|-damage|p1a: Hitmonchan|86/452|[from] item: Life Orb\n|\n|upkeep\n|turn|42\n|\n|t:|1685409380\n|move|p1a: Hitmonchan|Max Guard|p1a: Hitmonchan\n|-singleturn|p1a: Hitmonchan|Max Guard\n|move|p2a: Tyrantrum|Max Quake|p1a: Hitmonchan\n|-activate|p1a: Hitmonchan|move: Max Guard\n|\n|upkeep\n|turn|43\n|c|\u2606forsh|sotp\n|c|\u2606forsh|stop\n|c|\u2606forsh|ststop\n|c|\u2606forsh|stop\n|c|\u2606forsh|let me hurt u\n|c|\u2606forsh|pero\n|c|\u2606Quoise|i don't like being hurt\n|inactive|Quoise has 270 seconds left.\n|c|\u2606Quoise|it hurts\n|c|\u2606Quoise|im so funny\n|\n|t:|1685409418\n|-end|p1a: Hitmonchan|Dynamax\n|-heal|p1a: Hitmonchan|43/226|[silent]\n|switch|p1a: Togedemaru|Togedemaru, L86, F|252/252\n|-damage|p1a: Togedemaru|237/252|[from] Stealth Rock\n|move|p2a: Tyrantrum|Max Quake|p1a: Togedemaru\n|-supereffective|p1a: Togedemaru\n|-damage|p1a: Togedemaru|0 fnt\n|-boost|p2a: Tyrantrum|spd|1\n|faint|p1a: Togedemaru\n|-damage|p2a: Tyrantrum|23/538|[from] item: Life Orb\n|\n|upkeep\n|\n|t:|1685409420\n|switch|p1a: Hitmonchan|Hitmonchan, L86, M|43/226\n|-damage|p1a: Hitmonchan|29/226|[from] Stealth Rock\n|-end|p2a: Tyrantrum|Dynamax\n|-heal|p2a: Tyrantrum|12/269|[silent]\n|turn|44\n|c|\u2606forsh|u gave me a free toge\n|c|\u2606forsh|why?\n|c|\u2606forsh|i could not beat toge\n|\n|t:|1685409435\n|switch|p2a: Weezing|Weezing-Galar, L86, M|246/252\n|-ability|p2a: Weezing|Neutralizing Gas\n|move|p1a: Hitmonchan|Mach Punch|p2a: Weezing\n|-resisted|p2a: Weezing\n|-damage|p2a: Weezing|234/252\n|-damage|p1a: Hitmonchan|7/226|[from] item: Life Orb\n|\n|-heal|p2a: Weezing|249/252|[from] item: Black Sludge\n|upkeep\n|turn|45\n|c|\u2606Quoise|yeah and\n|c|\u2606forsh|why sacrifice it\n|\n|t:|1685409445\n|move|p1a: Hitmonchan|Throat Chop|p2a: Weezing\n|-resisted|p2a: Weezing\n|-damage|p2a: Weezing|219/252\n|-start|p2a: Weezing|Throat Chop|[silent]\n|-damage|p1a: Hitmonchan|0 fnt|[from] item: Life Orb\n|faint|p1a: Hitmonchan\n|move|p2a: Weezing|Strange Steam|p1: Hitmonchan|[notarget]\n|-fail|p2a: Weezing\n|\n|-heal|p2a: Weezing|234/252|[from] item: Black Sludge\n|upkeep\n|c|\u2606Quoise|worry\n|inactive|Quoise has 270 seconds left.\n|c|\u2606Quoise|tastes just like curry\n|c|\u2606Quoise|(\u273f\u25e1\u203f\u25e1)\n|\n|t:|1685409469\n|switch|p1a: Slowbro|Slowbro-Galar, L86, F|223/304 brn\n|-damage|p1a: Slowbro|185/304 brn|[from] Stealth Rock\n|turn|46\n|c|\u2606Quoise|you have not the foresight\n|c|\u2606forsh|reality and imaginary are becoming blurry\n|inactive|forsh has 270 seconds left.\n|c|\u2606Quoise|to see why I wouldn't think this is a mistake until you called it out\n|\n|t:|1685409504\n|-end|p2a: Weezing|ability: Neutralizing Gas\n|switch|p2a: Audino|Audino, L91, M|259/335\n|move|p1a: Slowbro|Psychic|p2a: Audino\n|-damage|p2a: Audino|162/335\n|\n|-heal|p2a: Audino|182/335|[from] item: Leftovers\n|-damage|p1a: Slowbro|166/304 brn|[from] brn\n|upkeep\n|turn|47\n|\n|t:|1685409511\n|move|p2a: Audino|Wish|p2a: Audino\n|move|p1a: Slowbro|Trick|p2a: Audino\n|-activate|p1a: Slowbro|move: Trick|[of] p2a: Audino\n|-enditem|p2a: Audino|Leftovers|[silent]|[from] move: Trick\n|-item|p1a: Slowbro|Leftovers|[from] move: Trick\n|\n|-heal|p1a: Slowbro|185/304 brn|[from] item: Leftovers\n|-damage|p1a: Slowbro|166/304 brn|[from] brn\n|upkeep\n|turn|48\n|c|\u2606forsh|u fucking\n|c|\u2606forsh|thief\n|\n|t:|1685409518\n|move|p2a: Audino|Knock Off|p1a: Slowbro\n|-supereffective|p1a: Slowbro\n|-damage|p1a: Slowbro|58/304 brn\n|-enditem|p1a: Slowbro|Leftovers|[from] move: Knock Off|[of] p2a: Audino\n|move|p1a: Slowbro|Shell Side Arm|p2a: Audino|[anim] Shell Side Arm Special\n|-damage|p2a: Audino|85/335\n|-hint|Special Shell Side Arm\n|\n|-heal|p2a: Audino|252/335|[from] move: Wish|[wisher] Audino\n|-damage|p1a: Slowbro|39/304 brn|[from] brn\n|upkeep\n|turn|49\n|\n|t:|1685409521\n|switch|p1a: Zygarde|Zygarde, L70|267/267\n|-damage|p1a: Zygarde|251/267|[from] Stealth Rock\n|move|p2a: Audino|Knock Off|p1a: Zygarde\n|-damage|p1a: Zygarde|202/267\n|-enditem|p1a: Zygarde|Leftovers|[from] move: Knock Off|[of] p2a: Audino\n|\n|upkeep\n|turn|50\n|c|\u2606forsh|FUCK\n|\n|t:|1685409526\n|switch|p2a: Weezing|Weezing-Galar, L86, M|234/252\n|-ability|p2a: Weezing|Neutralizing Gas\n|move|p1a: Zygarde|Substitute|p1a: Zygarde\n|-start|p1a: Zygarde|Substitute\n|-damage|p1a: Zygarde|136/267\n|\n|-heal|p2a: Weezing|249/252|[from] item: Black Sludge\n|upkeep\n|turn|51\n|\n|t:|1685409529\n|move|p1a: Zygarde|Dragon Dance|p1a: Zygarde\n|-boost|p1a: Zygarde|atk|1\n|-boost|p1a: Zygarde|spe|1\n|move|p2a: Weezing|Strange Steam|p1a: Zygarde\n|-supereffective|p1a: Zygarde\n|-crit|p1a: Zygarde\n|-end|p1a: Zygarde|Substitute\n|\n|-heal|p2a: Weezing|252/252|[from] item: Black Sludge\n|upkeep\n|turn|52\n|c|\u2606forsh|stop\n|\n|t:|1685409533\n|move|p1a: Zygarde|Substitute|p1a: Zygarde\n|-start|p1a: Zygarde|Substitute\n|-damage|p1a: Zygarde|70/267\n|move|p2a: Weezing|Strange Steam|p1a: Zygarde\n|-supereffective|p1a: Zygarde\n|-end|p1a: Zygarde|Substitute\n|\n|-activate|p1a: Zygarde|ability: Power Construct\n|detailschange|p1a: Zygarde|Zygarde-Complete, L70\n|-heal|p1a: Zygarde|221/418|[silent]\n|upkeep\n|turn|53\n|c|\u2606forsh|I DONT STOP POWER CONSTRUCT?\n|c|\u2606forsh|THAT IS A SCAM OF A GAME\n|\n|t:|1685409543\n|move|p1a: Zygarde|Thousand Arrows|p2a: Weezing\n|-supereffective|p2a: Weezing\n|-damage|p2a: Weezing|84/252\n|move|p2a: Weezing|Strange Steam|p1a: Zygarde\n|-supereffective|p1a: Zygarde\n|-damage|p1a: Zygarde|5/418\n|-start|p1a: Zygarde|confusion\n|\n|-heal|p2a: Weezing|99/252|[from] item: Black Sludge\n|upkeep\n|turn|54\n|c|\u2606Quoise|ow\n|\n|t:|1685409551\n|-end|p2a: Weezing|ability: Neutralizing Gas\n|switch|p2a: Tyrantrum|Tyrantrum, L82, M|12/269\n|-activate|p1a: Zygarde|confusion\n|move|p1a: Zygarde|Thousand Arrows|p2a: Tyrantrum\n|-supereffective|p2a: Tyrantrum\n|-damage|p2a: Tyrantrum|0 fnt\n|faint|p2a: Tyrantrum\n|\n|upkeep\n|\n|t:|1685409553\n|switch|p2a: Audino|Audino, L91, M|335/335\n|turn|55\n|c|\u2606Quoise|where my lum berry go\n|c|\u2606forsh|idk\n|\n|t:|1685409559\n|-activate|p1a: Zygarde|confusion\n|-damage|p1a: Zygarde|0 fnt|[from] confusion\n|faint|p1a: Zygarde\n|move|p2a: Audino|Knock Off|p1: Zygarde|[notarget]\n|-fail|p2a: Audino\n|\n|upkeep\n|c|\u2606Quoise|FUCK\n|c|\u2606forsh|GG KID\n|\n|t:|1685409565\n|switch|p1a: Slowbro|Slowbro-Galar, L86, F|140/304 brn\n|-damage|p1a: Slowbro|102/304 brn|[from] Stealth Rock\n|turn|56\n|c|\u2606forsh|<<traineracademy>>\n|\n|t:|1685409570\n|move|p2a: Audino|Knock Off|p1a: Slowbro\n|-supereffective|p1a: Slowbro\n|-damage|p1a: Slowbro|34/304 brn\n|move|p1a: Slowbro|Psychic|p2a: Audino\n|-crit|p2a: Audino\n|-damage|p2a: Audino|197/335\n|\n|-damage|p1a: Slowbro|15/304 brn|[from] brn\n|upkeep\n|turn|57\n|\n|t:|1685409573\n|move|p2a: Audino|Wish|p2a: Audino\n|move|p1a: Slowbro|Psychic|p2a: Audino\n|-damage|p2a: Audino|100/335\n|\n|-damage|p1a: Slowbro|0 fnt|[from] brn\n|faint|p1a: Slowbro\n|\n|win|forsh\n|upkeep\n|c|\u2606forsh|make a wish\n|c|\u2606Quoise|ggwp\n|c|\u2606forsh|ggwp\n|l|\u2606forsh\n|c|\u2606Quoise|good rounds\n|l|\u2606Quoise\n|l| Lrogue \u2740\n|j|\u2606Quoise\n|player|p1|Quoise|bugcatcher-gen4dp\n", "inputlog": ">version 6fec31d5a0d4498a06105aa188c9906bc0b6bf95\n>start {\"formatid\":\"gen8randombattle\",\"seed\":[40046,24167,17121,39076]}\n>player p1 {\"name\":\"Quoise\",\"avatar\":\"bugcatcher-gen4dp\",\"rating\":0,\"seed\":[36521,53666,22778,3875]}\n>player p2 {\"name\":\"forsh\",\"avatar\":\"ballguy\",\"rating\":0,\"seed\":[19805,8778,46923,14079]}\n>chat \u2606Quoise|i'll annihilate you\n>chat \u2606forsh|for?\n>chat \u2606Quoise|for claiming to not call me man\n>chat \u2606forsh|ok man chill\n>p1 switch 3\n>p2 move stealthrock\n>chat \u2606Quoise|\u03c6(\u309c\u25bd\u309c*)\u266a\n>p1 move sleeppowder\n>p2 move toxic\n>p1 move energyball\n>p2 switch 6\n>p1 move rapidspin\n>p2 move fireblast\n>p1 switch 3\n>p2 move willowisp\n>p1 move trick\n>p2 switch 6\n>p1 switch 3\n>p2 move psychic\n>p1 switch 4\n>p2 move psychic\n>p1 move ironhead\n>p2 move psychic\n>p1 move ironhead\n>p2 switch 2\n>p1 move zingzap\n>p2 switch 2\n>p1 move ironhead\n>p2 move psychic\n>p1 move zingzap\n>p2 move psychic\n>p1 move wish\n>p2 switch 2\n>chat  Lrogue \u2740|Hmm\n>chat \u2606Quoise|lrogue\n>chat \u2606Quoise|this narwhal called me a man\n>chat  Lrogue \u2740|Hello\n>chat \u2606forsh|hi Lrogue!\n>chat \u2606Quoise|and then claimed to not called me man\n>chat \u2606Quoise|i must crush him\n>chat  Lrogue \u2740|Whut\n>p1 switch 4\n>p2 move toxicspikes\n>chat  Lrogue \u2740|It's one or the other forsh\n>chat  Lrogue \u2740|Which is it\n>p1 move sleeppowder\n>p2 switch 6\n>chat \u2606forsh|stop\n>chat \u2606forsh|stop oding that\n>p1 move sleeppowder\n>p2 move fireblast\n>p1 move rapidspin\n>p2 move fireblast\n>chat \u2606Quoise|ow\n>p1 switch 3\n>p2 switch 2\n>chat \u2606forsh|baka!\n>chat  Lrogue \u2740|Also I am still contemplating if I play too much gen 7\n>chat \u2606forsh|BAKA BAKA!\n>chat \u2606Quoise|are you enjoying it\n>chat  Lrogue \u2740|Yes\n>chat \u2606forsh|gen 7\n>chat \u2606forsh|today\n>p1 move flamethrower\n>p2 move stealthrock\n>chat \u2606forsh|is much different than 1 year ago\n>chat \u2606forsh|r u specS?\n>p1 move psychic\n>p2 move stealthrock\n>chat  Lrogue \u2740|But I challenged cake to check the code to look for z conversion Porygon z which he insisted was still in the format\n>chat  Lrogue \u2740|And I said no\n>p1 switch 3\n>p2 switch 6\n>chat \u2606Quoise|wait\n>chat \u2606Quoise|what happened to my regen\n>chat \u2606forsh|NGas\n>chat \u2606Quoise|WTF\n>chat \u2606forsh|ikr\n>p1 switch 4\n>chat \u2606Quoise|you can't do that!\n>p1 move ironhead\n>p2 switch 3\n>chat  Lrogue \u2740|I was correct\n>p1 move zingzap\n>p2 move knockoff\n>chat  Lrogue \u2740|I proved the guy who codes the formats wrong\n>p1 move zingzap\n>p2 move knockoff\n>p1 move ironhead\n>p2 move wish\n>chat  Lrogue \u2740|Does that mean I no lifed too hard\n>p1 move wish\n>p2 move protect\n>p1 move spikyshield\n>p2 move wish\n>p1 move wish\n>p2 switch 3\n>p1 move zingzap\n>p2 switch 3\n>p1 move wish\n>p2 move wish\n>p1 switch 3\n>p2 switch 3\n>p1 move psychic\n>p2 switch 3\n>p1 move psychic\n>p2 move knockoff\n>p1 move trick\n>p2 move protect\n>p1 move psychic\n>p2 switch 6\n>p2 switch 4\n>p1 switch 6\n>p2 move closecombat\n>chat \u2606Quoise|forsh\n>chat \u2606Quoise|stop it\n>p1 move rockslide\n>p2 move closecombat\n>chat \u2606forsh|i am defiant\n>p2 switch 5\n>chat \u2606forsh|this is the chance i needed\n>p1 move earthquake\n>p2 move dragondance\n>p1 move earthquake\n>p2 move earthquake\n>chat \u2606forsh|BAKAYARO\n>chat \u2606forsh|CONAYARO\n>chat \u2606Quoise|oh no big dino\n>chat \u2606forsh|CONA YARO\n>chat \u2606forsh|i have a pu team\n>chat \u2606forsh|!dt tyrantrum\n>chat  Lrogue \u2740|Liar\n>chat \u2606forsh|!dt weezinggalar\n>p1 switch 5\n>p1 move drainpunch dynamax\n>p2 move outrage dynamax\n>p1 move bulkup dynamax\n>p2 move earthquake dynamax\n>chat \u2606forsh|sotp\n>chat \u2606forsh|stop\n>chat \u2606forsh|ststop\n>chat \u2606forsh|stop\n>chat \u2606forsh|let me hurt u\n>chat \u2606forsh|pero\n>chat \u2606Quoise|i don't like being hurt\n>chat \u2606Quoise|it hurts\n>chat \u2606Quoise|im so funny\n>p1 switch 3\n>p2 move earthquake dynamax\n>p1 switch 3\n>chat \u2606forsh|u gave me a free toge\n>chat \u2606forsh|why?\n>chat \u2606forsh|i could not beat toge\n>p1 move machpunch\n>p2 switch 2\n>chat \u2606Quoise|yeah and\n>chat \u2606forsh|why sacrifice it\n>p1 move throatchop\n>p2 move strangesteam\n>chat \u2606Quoise|worry\n>chat \u2606Quoise|tastes just like curry\n>chat \u2606Quoise|(\u273f\u25e1\u203f\u25e1)\n>p1 switch 6\n>chat \u2606Quoise|you have not the foresight\n>chat \u2606forsh|reality and imaginary are becoming blurry\n>chat \u2606Quoise|to see why I wouldn't think this is a mistake until you called it out\n>p1 move psychic\n>p2 switch 6\n>p1 move trick\n>p2 move wish\n>chat \u2606forsh|u fucking\n>chat \u2606forsh|thief\n>p1 move shellsidearm\n>p2 move knockoff\n>p1 switch 2\n>p2 move knockoff\n>chat \u2606forsh|FUCK\n>p1 move substitute\n>p2 switch 6\n>p1 move dragondance\n>p2 move strangesteam\n>chat \u2606forsh|stop\n>p1 move substitute\n>p2 move strangesteam\n>chat \u2606forsh|I DONT STOP POWER CONSTRUCT?\n>chat \u2606forsh|THAT IS A SCAM OF A GAME\n>p1 move thousandarrows\n>p2 move strangesteam\n>chat \u2606Quoise|ow\n>p1 move thousandarrows\n>p2 switch 2\n>p2 switch 6\n>chat \u2606Quoise|where my lum berry go\n>chat \u2606forsh|idk\n>p1 move outrage\n>p2 move knockoff\n>chat \u2606Quoise|FUCK\n>chat \u2606forsh|GG KID\n>p1 switch 2\n>chat \u2606forsh|<<traineracademy>>\n>p1 move psychic\n>p2 move knockoff\n>p1 move psychic\n>p2 move wish", "uploadtime": 1685409635, "views": 4, "p1id": "quoise", "p2id": "forsh", "formatid": "gen8randombattle", "rating": 0, "private": 0, "password": ""}