{"id": "gen8randombattle-1871585325", "p1": "Applezapp", "p2": "gareeb adani", "format": "[Gen 8] Random Battle", "log": "|j|\u2606Applezapp\n|j|\u2606gareeb adani\n|t:|1685109709\n|gametype|singles\n|player|p1|Applezapp|102|1423\n|player|p2|gareeb adani|101|1496\n|teamsize|p1|6\n|teamsize|p2|6\n|gen|8\n|tier|[Gen 8] Random Battle\n|rated|\n|rule|Species Clause: Limit one of each Pok\u00e9mon\n|rule|HP Percentage Mod: HP is shown in percentages\n|rule|Sleep Clause Mod: Limit one foe put to sleep\n|\n|t:|1685109709\n|start\n|switch|p1a: Torkoal|Torkoal, L86, F|261/261\n|switch|p2a: Pelipper|Pelipper, L86, F|243/243\n|-weather|RainDance|[from] ability: Drizzle|[of] p2a: Pelipper\n|-weather|SunnyDay|[from] ability: Drought|[of] p1a: Torkoal\n|turn|1\n|inactive|Battle timer is ON: inactive players will automatically lose when time's up. (requested by gareeb adani)\n|inactive|Applezapp also wants the timer to be on.\n|\n|t:|1685109718\n|move|p2a: Pelipper|Scald|p1a: Torkoal\n|-supereffective|p1a: Torkoal\n|-damage|p1a: Torkoal|157/261\n|move|p1a: Torkoal|Stealth Rock|p2a: Pelipper\n|-sidestart|p2: gareeb adani|move: Stealth Rock\n|\n|-weather|SunnyDay|[upkeep]\n|upkeep\n|turn|2\n|\n|t:|1685109731\n|switch|p1a: Victini|Victini, L78|283/283\n|move|p2a: Pelipper|Scald|p1a: Victini\n|-supereffective|p1a: Victini\n|-damage|p1a: Victini|227/283\n|\n|-weather|SunnyDay|[upkeep]\n|upkeep\n|turn|3\n|\n|t:|1685109741\n|switch|p2a: Mudsdale|Mudsdale, L82, M|298/298\n|-damage|p2a: Mudsdale|280/298|[from] Stealth Rock\n|move|p1a: Victini|Bolt Strike|p2a: Mudsdale\n|-immune|p2a: Mudsdale\n|\n|-weather|SunnyDay|[upkeep]\n|-heal|p2a: Mudsdale|298/298|[from] item: Leftovers\n|upkeep\n|turn|4\n|\n|t:|1685109755\n|-start|p1a: Victini|Dynamax|\n|-heal|p1a: Victini|454/566|[silent]\n|move|p1a: Victini|Max Overgrowth|p2a: Mudsdale\n|-supereffective|p2a: Mudsdale\n|-damage|p2a: Mudsdale|132/298\n|-fieldstart|move: Grassy Terrain\n|-ability|p2a: Mudsdale|Stamina|boost\n|-boost|p2a: Mudsdale|def|1\n|move|p2a: Mudsdale|Earthquake|p1a: Victini\n|-supereffective|p1a: Victini\n|-damage|p1a: Victini|332/566\n|\n|-weather|SunnyDay|[upkeep]\n|-heal|p1a: Victini|349/566|[from] Grassy Terrain\n|-heal|p2a: Mudsdale|150/298|[from] Grassy Terrain\n|-heal|p2a: Mudsdale|168/298|[from] item: Leftovers\n|upkeep\n|turn|5\n|\n|t:|1685109766\n|switch|p2a: Pelipper|Pelipper, L86, F|243/243\n|-weather|RainDance|[from] ability: Drizzle|[of] p2a: Pelipper\n|move|p1a: Victini|Max Overgrowth|p2a: Pelipper\n|-damage|p2a: Pelipper|128/243\n|\n|-weather|RainDance|[upkeep]\n|-heal|p1a: Victini|366/566|[from] Grassy Terrain\n|upkeep\n|turn|6\n|\n|t:|1685109779\n|switch|p2a: Mudsdale|Mudsdale, L82, M|168/298\n|-damage|p2a: Mudsdale|150/298|[from] Stealth Rock\n|move|p1a: Victini|Max Flare|p2a: Mudsdale\n|-crit|p2a: Mudsdale\n|-damage|p2a: Mudsdale|59/298\n|-weather|SunnyDay\n|-ability|p2a: Mudsdale|Stamina|boost\n|-boost|p2a: Mudsdale|def|1\n|\n|-weather|SunnyDay|[upkeep]\n|-heal|p1a: Victini|383/566|[from] Grassy Terrain\n|-heal|p2a: Mudsdale|77/298|[from] Grassy Terrain\n|-heal|p2a: Mudsdale|95/298|[from] item: Leftovers\n|upkeep\n|-end|p1a: Victini|Dynamax\n|-heal|p1a: Victini|192/283|[silent]\n|turn|7\n|\n|t:|1685109789\n|move|p1a: Victini|Energy Ball|p2a: Mudsdale\n|-supereffective|p2a: Mudsdale\n|-damage|p2a: Mudsdale|0 fnt\n|faint|p2a: Mudsdale\n|\n|-weather|SunnyDay|[upkeep]\n|-heal|p1a: Victini|209/283|[from] Grassy Terrain\n|upkeep\n|\n|t:|1685109806\n|switch|p2a: Entei|Entei, L78|307/307\n|-damage|p2a: Entei|231/307|[from] Stealth Rock\n|turn|8\n|\n|t:|1685109823\n|switch|p1a: Hippowdon|Hippowdon, L80, M|304/304\n|-weather|Sandstorm|[from] ability: Sand Stream|[of] p1a: Hippowdon\n|move|p2a: Entei|Stomping Tantrum|p1a: Hippowdon\n|-damage|p1a: Hippowdon|239/304\n|\n|-weather|Sandstorm|[upkeep]\n|-damage|p2a: Entei|212/307|[from] Sandstorm\n|-heal|p2a: Entei|231/307|[from] Grassy Terrain\n|-heal|p1a: Hippowdon|258/304|[from] Grassy Terrain\n|-heal|p1a: Hippowdon|277/304|[from] item: Leftovers\n|-fieldend|move: Grassy Terrain\n|upkeep\n|turn|9\n|\n|t:|1685109833\n|switch|p2a: Pelipper|Pelipper, L86, F|128/243\n|-weather|RainDance|[from] ability: Drizzle|[of] p2a: Pelipper\n|move|p1a: Hippowdon|Stone Edge|p2a: Pelipper\n|-supereffective|p2a: Pelipper\n|-damage|p2a: Pelipper|6/243\n|\n|-weather|RainDance|[upkeep]\n|-heal|p1a: Hippowdon|296/304|[from] item: Leftovers\n|upkeep\n|turn|10\n|\n|t:|1685109849\n|switch|p1a: Torkoal|Torkoal, L86, F|157/261\n|-weather|SunnyDay|[from] ability: Drought|[of] p1a: Torkoal\n|move|p2a: Pelipper|Scald|p1a: Torkoal\n|-supereffective|p1a: Torkoal\n|-damage|p1a: Torkoal|53/261\n|\n|-weather|SunnyDay|[upkeep]\n|upkeep\n|turn|11\n|\n|t:|1685109857\n|move|p2a: Pelipper|Defog|p1a: Torkoal\n|-unboost|p1a: Torkoal|evasion|1\n|-sideend|p2: gareeb adani|Stealth Rock|[from] move: Defog|[of] p2a: Pelipper\n|move|p1a: Torkoal|Rapid Spin|p2a: Pelipper\n|-damage|p2a: Pelipper|0 fnt\n|-boost|p1a: Torkoal|spe|1\n|faint|p2a: Pelipper\n|\n|-weather|SunnyDay|[upkeep]\n|upkeep\n|\n|t:|1685109867\n|switch|p2a: Lapras|Lapras, L86, F|363/363\n|turn|12\n|\n|t:|1685109872\n|move|p2a: Lapras|Sparkling Aria|p1a: Torkoal\n|-supereffective|p1a: Torkoal\n|-damage|p1a: Torkoal|0 fnt\n|faint|p1a: Torkoal\n|\n|-weather|SunnyDay|[upkeep]\n|upkeep\n|\n|t:|1685109877\n|switch|p1a: Victini|Victini, L78|209/283\n|turn|13\n|\n|t:|1685109888\n|-start|p2a: Lapras|Dynamax|Gmax\n|-heal|p2a: Lapras|726/726|[silent]\n|move|p1a: Victini|V-create|p2a: Lapras\n|-damage|p2a: Lapras|480/726\n|-unboost|p1a: Victini|spe|1\n|-unboost|p1a: Victini|def|1\n|-unboost|p1a: Victini|spd|1\n|move|p2a: Lapras|Max Geyser|p1a: Victini\n|-supereffective|p1a: Victini\n|-damage|p1a: Victini|93/283\n|-weather|RainDance\n|\n|-weather|RainDance|[upkeep]\n|-heal|p2a: Lapras|502/726|[from] item: Leftovers\n|upkeep\n|turn|14\n|\n|t:|1685109913\n|move|p2a: Lapras|G-Max Resonance|p1a: Victini\n|-resisted|p1a: Victini\n|-damage|p1a: Victini|33/283\n|-sidestart|p2: gareeb adani|move: Aurora Veil\n|move|p1a: Victini|Bolt Strike|p2a: Lapras\n|-supereffective|p2a: Lapras\n|-damage|p2a: Lapras|408/726\n|\n|-weather|RainDance|[upkeep]\n|-heal|p2a: Lapras|430/726|[from] item: Leftovers\n|upkeep\n|turn|15\n|\n|t:|1685109920\n|move|p2a: Lapras|Max Geyser|p1a: Victini\n|-supereffective|p1a: Victini\n|-damage|p1a: Victini|0 fnt\n|faint|p1a: Victini\n|\n|-weather|RainDance|[upkeep]\n|-heal|p2a: Lapras|452/726|[from] item: Leftovers\n|upkeep\n|\n|t:|1685109922\n|switch|p1a: Xerneas|Xerneas, L67|280/280\n|-ability|p1a: Xerneas|Fairy Aura\n|-end|p2a: Lapras|Dynamax\n|-heal|p2a: Lapras|226/363|[silent]\n|turn|16\n|\n|t:|1685109926\n|move|p1a: Xerneas|Geomancy||[still]\n|-prepare|p1a: Xerneas|Geomancy\n|-enditem|p1a: Xerneas|Power Herb\n|-anim|p1a: Xerneas|Geomancy|p1a: Xerneas\n|-boost|p1a: Xerneas|spa|2\n|-boost|p1a: Xerneas|spd|2\n|-boost|p1a: Xerneas|spe|2\n|move|p2a: Lapras|Toxic|p1a: Xerneas\n|-status|p1a: Xerneas|tox\n|\n|-weather|RainDance|[upkeep]\n|-heal|p2a: Lapras|248/363|[from] item: Leftovers\n|-damage|p1a: Xerneas|263/280 tox|[from] psn\n|upkeep\n|turn|17\n|\n|t:|1685109933\n|move|p1a: Xerneas|Thunderbolt|p2a: Lapras\n|-supereffective|p2a: Lapras\n|-damage|p2a: Lapras|157/363\n|move|p2a: Lapras|Sparkling Aria|p1a: Xerneas\n|-damage|p1a: Xerneas|191/280 tox\n|\n|-weather|none\n|-heal|p2a: Lapras|179/363|[from] item: Leftovers\n|-damage|p1a: Xerneas|157/280 tox|[from] psn\n|upkeep\n|turn|18\n|\n|t:|1685109944\n|move|p2a: Lapras|Protect|p2a: Lapras\n|-singleturn|p2a: Lapras|Protect\n|move|p1a: Xerneas|Thunderbolt|p2a: Lapras\n|-activate|p2a: Lapras|move: Protect\n|\n|-heal|p2a: Lapras|201/363|[from] item: Leftovers\n|-damage|p1a: Xerneas|106/280 tox|[from] psn\n|-sideend|p2: gareeb adani|move: Aurora Veil\n|upkeep\n|turn|19\n|-message|Applezapp forfeited.\n|\n|win|gareeb adani\n|raw|Applezapp's rating: 1423 &rarr; <strong>1407</strong><br />(-16 for losing)\n|raw|gareeb adani's rating: 1496 &rarr; <strong>1512</strong><br />(+16 for winning)\n|l|\u2606Applezapp\n", "inputlog": ">version 61c68e60481ef09071210320730fc448fef50368\n>start {\"formatid\":\"gen8randombattle\",\"seed\":[26871,58393,31301,17385],\"rated\":\"Rated battle\"}\n>player p1 {\"name\":\"Applezapp\",\"avatar\":\"102\",\"rating\":1423,\"seed\":[52626,43568,63390,40400]}\n>player p2 {\"name\":\"gareeb adani\",\"avatar\":\"101\",\"rating\":1496,\"seed\":[11743,17893,38599,23435]}\n>p1 move stealthrock\n>p2 move scald\n>p1 switch 5\n>p2 move scald\n>p1 move boltstrike\n>p2 switch 6\n>p1 move energyball dynamax\n>p2 move earthquake\n>p1 move energyball dynamax\n>p2 switch 6\n>p1 move vcreate dynamax\n>p2 switch 6\n>p1 move energyball\n>p2 move rockslide\n>p2 switch 2\n>p1 switch 2\n>p2 move stompingtantrum\n>p1 move stoneedge\n>p2 switch 6\n>p1 switch 5\n>p2 move scald\n>p1 move rapidspin\n>p2 move defog\n>p2 switch 3\n>p1 move stealthrock\n>p2 move sparklingaria\n>p1 switch 2\n>p1 move vcreate\n>p2 move sparklingaria dynamax\n>p1 move boltstrike\n>p2 move icebeam dynamax\n>p1 move boltstrike\n>p2 move sparklingaria dynamax\n>p1 switch 4\n>p1 move geomancy\n>p2 move toxic\n>p1 move thunderbolt\n>p2 move sparklingaria\n>p1 move thunderbolt\n>p2 move protect\n>forcelose p1", "uploadtime": 1685109950, "views": 5, "p1id": "applezapp", "p2id": "gareebadani", "formatid": "gen8randombattle", "rating": 1407, "private": 0, "password": ""}