|j|☆EddieB123
|j|☆Sqshh
|t:|1685507982
|gametype|singles
|player|p1|EddieB123|marshal|1431
|player|p2|Sqshh|101|1419
|teamsize|p1|6
|teamsize|p2|6
|gen|8
|tier|[Gen 8] Random Battle
|rated|
|rule|Species Clause: Limit one of each Pokémon
|rule|HP Percentage Mod: HP is shown in percentages
|rule|Sleep Clause Mod: Limit one foe put to sleep
|
|t:|1685507982
|start
|switch|p1a: Quagsire|Quagsire, L84, F|297/297
|switch|p2a: Golisopod|Golisopod, L84, F|263/263
|turn|1
|inactive|Battle timer is ON: inactive players will automatically lose when time's up. (requested by Sqshh)
|
|t:|1685508001
|move|p2a: Golisopod|Knock Off|p1a: Quagsire
|-damage|p1a: Quagsire|213/297
|-enditem|p1a: Quagsire|Leftovers|[from] move: Knock Off|[of] p2a: Golisopod
|move|p1a: Quagsire|Scald|p2a: Golisopod
|-resisted|p2a: Golisopod
|-damage|p2a: Golisopod|233/263
|
|upkeep
|turn|2
|
|t:|1685508009
|move|p2a: Golisopod|Liquidation|p1a: Quagsire
|-damage|p1a: Quagsire|92/297
|move|p1a: Quagsire|Scald|p2a: Golisopod
|-resisted|p2a: Golisopod
|-damage|p2a: Golisopod|200/263
|-status|p2a: Golisopod|brn
|
|-damage|p2a: Golisopod|184/263 brn|[from] brn
|upkeep
|turn|3
|
|t:|1685508018
|move|p2a: Golisopod|Liquidation|p1a: Quagsire
|-damage|p1a: Quagsire|38/297
|move|p1a: Quagsire|Recover|p1a: Quagsire
|-heal|p1a: Quagsire|187/297
|
|-damage|p2a: Golisopod|168/263 brn|[from] brn
|upkeep
|turn|4
|
|t:|1685508025
|move|p2a: Golisopod|Spikes|p1a: Quagsire
|-sidestart|p1: EddieB123|Spikes
|move|p1a: Quagsire|Recover|p1a: Quagsire
|-heal|p1a: Quagsire|297/297
|
|-damage|p2a: Golisopod|152/263 brn|[from] brn
|upkeep
|turn|5
|
|t:|1685508036
|move|p2a: Golisopod|Spikes|p1a: Quagsire
|-sidestart|p1: EddieB123|Spikes
|move|p1a: Quagsire|Earthquake|p2a: Golisopod
|-resisted|p2a: Golisopod
|-damage|p2a: Golisopod|119/263 brn
|-activate|p2a: Golisopod|ability: Emergency Exit
|
|t:|1685508053
|switch|p2a: Throh|Throh, L86, M|347/347
|
|upkeep
|turn|6
|
|t:|1685508070
|switch|p1a: Lilligant|Lilligant, L84, F|255/255
|-damage|p1a: Lilligant|213/255|[from] Spikes
|move|p2a: Throh|Bulk Up|p2a: Throh
|-boost|p2a: Throh|atk|1
|-boost|p2a: Throh|def|1
|
|upkeep
|turn|7
|
|t:|1685508077
|move|p1a: Lilligant|Quiver Dance|p1a: Lilligant
|-boost|p1a: Lilligant|spa|1
|-boost|p1a: Lilligant|spd|1
|-boost|p1a: Lilligant|spe|1
|move|p2a: Throh|Circle Throw|p1a: Lilligant
|-damage|p1a: Lilligant|93/255
|drag|p1a: Lapras|Lapras, L86, M|364/364
|
|upkeep
|turn|8
|
|t:|1685508087
|move|p1a: Lapras|Sparkling Aria|p2a: Throh
|-damage|p2a: Throh|262/347
|move|p2a: Throh|Circle Throw|p1a: Lapras
|-supereffective|p1a: Lapras
|-damage|p1a: Lapras|152/364
|drag|p1a: Lilligant|Lilligant, L84, F|93/255
|-damage|p1a: Lilligant|51/255|[from] Spikes
|
|-heal|p2a: Throh|283/347|[from] item: Leftovers
|upkeep
|turn|9
|
|t:|1685508097
|move|p1a: Lilligant|Giga Drain|p2a: Throh
|-damage|p2a: Throh|178/347
|-heal|p1a: Lilligant|104/255|[from] drain|[of] p2a: Throh
|-damage|p1a: Lilligant|79/255|[from] item: Life Orb
|move|p2a: Throh|Rest|p2a: Throh
|-status|p2a: Throh|slp|[from] move: Rest
|-heal|p2a: Throh|347/347 slp|[silent]
|
|upkeep
|turn|10
|
|t:|1685508105
|move|p1a: Lilligant|Quiver Dance|p1a: Lilligant
|-boost|p1a: Lilligant|spa|1
|-boost|p1a: Lilligant|spd|1
|-boost|p1a: Lilligant|spe|1
|cant|p2a: Throh|slp
|move|p2a: Throh|Sleep Talk|p2a: Throh
|move|p2a: Throh|Circle Throw|p1a: Lilligant|[from]move: Sleep Talk
|-damage|p1a: Lilligant|0 fnt
|faint|p1a: Lilligant
|
|upkeep
|
|t:|1685508115
|switch|p1a: Lugia|Lugia, L74|279/279
|turn|11
|
|t:|1685508119
|move|p1a: Lugia|Substitute|p1a: Lugia
|-start|p1a: Lugia|Substitute
|-damage|p1a: Lugia|210/279
|cant|p2a: Throh|slp
|move|p2a: Throh|Sleep Talk|p2a: Throh
|move|p2a: Throh|Rest||[from]move: Sleep Talk|[still]
|-fail|p2a: Throh
|
|upkeep
|turn|12
|
|t:|1685508126
|move|p1a: Lugia|Air Slash|p2a: Throh
|-supereffective|p2a: Throh
|-damage|p2a: Throh|227/347 slp
|-curestatus|p2a: Throh|slp|[msg]
|move|p2a: Throh|Circle Throw|p1a: Lugia
|-resisted|p1a: Lugia
|-activate|p1a: Lugia|move: Substitute|[damage]
|
|-heal|p2a: Throh|248/347|[from] item: Leftovers
|upkeep
|turn|13
|
|t:|1685508135
|switch|p2a: Golisopod|Golisopod, L84, F|119/263 brn
|move|p1a: Lugia|Air Slash|p2a: Golisopod
|-supereffective|p2a: Golisopod
|-damage|p2a: Golisopod|0 fnt
|faint|p2a: Golisopod
|
|upkeep
|
|t:|1685508151
|switch|p2a: Pincurchin|Pincurchin, L88, M|228/228
|-fieldstart|move: Electric Terrain|[from] ability: Electric Surge|[of] p2a: Pincurchin
|turn|14
|
|t:|1685508157
|move|p1a: Lugia|Toxic|p2a: Pincurchin
|-status|p2a: Pincurchin|tox
|move|p2a: Pincurchin|Rising Voltage|p1a: Lugia
|-supereffective|p1a: Lugia
|-end|p1a: Lugia|Substitute
|
|-damage|p2a: Pincurchin|214/228 tox|[from] psn
|upkeep
|turn|15
|
|t:|1685508172
|switch|p1a: Quagsire|Quagsire, L84, F|297/297
|-damage|p1a: Quagsire|248/297|[from] Spikes
|move|p2a: Pincurchin|Spikes|p1a: Quagsire
|-sidestart|p1: EddieB123|Spikes
|
|-damage|p2a: Pincurchin|186/228 tox|[from] psn
|upkeep
|turn|16
|
|t:|1685508190
|move|p1a: Quagsire|Scald|p2a: Pincurchin
|-damage|p2a: Pincurchin|123/228 tox
|move|p2a: Pincurchin|Toxic Spikes|p1a: Quagsire
|-sidestart|p1: EddieB123|move: Toxic Spikes
|
|-damage|p2a: Pincurchin|81/228 tox|[from] psn
|upkeep
|turn|17
|
|t:|1685508198
|move|p1a: Quagsire|Earthquake|p2a: Pincurchin
|-supereffective|p2a: Pincurchin
|-enditem|p2a: Pincurchin|Shuca Berry|[eat]
|-enditem|p2a: Pincurchin|Shuca Berry|[weaken]
|-damage|p2a: Pincurchin|0 fnt
|faint|p2a: Pincurchin
|
|upkeep
|
|t:|1685508203
|switch|p2a: Throh|Throh, L86, M|248/347
|turn|18
|
|t:|1685508222
|move|p1a: Quagsire|Scald|p2a: Throh
|-damage|p2a: Throh|187/347
|move|p2a: Throh|Circle Throw|p1a: Quagsire
|-damage|p1a: Quagsire|181/297
|drag|p1a: Lapras|Lapras, L86, M|152/364
|
|-heal|p2a: Throh|208/347|[from] item: Leftovers
|-fieldend|move: Electric Terrain
|upkeep
|turn|19
|
|t:|1685508233
|move|p1a: Lapras|Sparkling Aria|p2a: Throh
|-damage|p2a: Throh|121/347
|move|p2a: Throh|Rest|p2a: Throh
|-status|p2a: Throh|slp|[from] move: Rest
|-heal|p2a: Throh|347/347 slp|[silent]
|
|upkeep
|turn|20
|
|t:|1685508240
|switch|p1a: Lugia|Lugia, L74|210/279
|cant|p2a: Throh|slp
|move|p2a: Throh|Sleep Talk|p2a: Throh
|move|p2a: Throh|Circle Throw|p1a: Lugia|[from]move: Sleep Talk
|-resisted|p1a: Lugia
|-damage|p1a: Lugia|189/279
|drag|p1a: Lapras|Lapras, L86, M|152/364
|
|upkeep
|turn|21
|
|t:|1685508249
|switch|p1a: Lugia|Lugia, L74|189/279
|cant|p2a: Throh|slp
|move|p2a: Throh|Sleep Talk|p2a: Throh
|move|p2a: Throh|Rest||[from]move: Sleep Talk|[still]
|-fail|p2a: Throh
|
|upkeep
|turn|22
|
|t:|1685508265
|switch|p2a: Armaldo|Armaldo, L86, M|269/269
|move|p1a: Lugia|Air Slash|p2a: Armaldo
|-damage|p2a: Armaldo|212/269
|
|upkeep
|turn|23
|
|t:|1685508276
|move|p1a: Lugia|Air Slash|p2a: Armaldo
|-damage|p2a: Armaldo|146/269
|move|p2a: Armaldo|Rapid Spin|p1a: Lugia
|-damage|p1a: Lugia|153/279
|-boost|p2a: Armaldo|spe|1
|
|upkeep
|turn|24
|
|t:|1685508283
|move|p1a: Lugia|Air Slash|p2a: Armaldo
|-damage|p2a: Armaldo|82/269
|move|p2a: Armaldo|Stone Edge|p1a: Lugia
|-supereffective|p1a: Lugia
|-crit|p1a: Lugia
|-damage|p1a: Lugia|0 fnt
|faint|p1a: Lugia
|
|upkeep
|
|t:|1685508289
|switch|p1a: Solgaleo|Solgaleo, L72|316/316
|-damage|p1a: Solgaleo|237/316|[from] Spikes
|turn|25
|
|t:|1685508294
|move|p2a: Armaldo|Earthquake|p1a: Solgaleo
|-supereffective|p1a: Solgaleo
|-damage|p1a: Solgaleo|63/316
|-enditem|p1a: Solgaleo|Weakness Policy
|-boost|p1a: Solgaleo|atk|2|[from] item: Weakness Policy
|-boost|p1a: Solgaleo|spa|2|[from] item: Weakness Policy
|move|p1a: Solgaleo|Flame Charge|p2a: Armaldo
|-damage|p2a: Armaldo|18/269
|-boost|p1a: Solgaleo|spe|1
|
|upkeep
|turn|26
|
|t:|1685508314
|-start|p1a: Solgaleo|Dynamax|
|-heal|p1a: Solgaleo|126/632|[silent]
|move|p1a: Solgaleo|Max Flare|p2a: Armaldo
|-damage|p2a: Armaldo|0 fnt
|-weather|SunnyDay
|faint|p2a: Armaldo
|
|-weather|SunnyDay|[upkeep]
|upkeep
|
|t:|1685508326
|switch|p2a: Dugtrio|Dugtrio-Alola, L82, F|192/192
|turn|27
|
|t:|1685508333
|move|p2a: Dugtrio|Sucker Punch|p1a: Solgaleo
|-supereffective|p1a: Solgaleo
|-damage|p1a: Solgaleo|6/632
|-damage|p2a: Dugtrio|173/192|[from] item: Life Orb
|move|p1a: Solgaleo|Max Mindstorm|p2a: Dugtrio
|-resisted|p2a: Dugtrio
|-damage|p2a: Dugtrio|0 fnt
|-fieldstart|move: Psychic Terrain
|faint|p2a: Dugtrio
|
|-weather|SunnyDay|[upkeep]
|upkeep
|
|t:|1685508342
|switch|p2a: Talonflame|Talonflame, L81, F|259/259
|turn|28
|
|t:|1685508346
|move|p2a: Talonflame|Brave Bird|p1a: Solgaleo
|-activate|p1a: Solgaleo|move: Psychic Terrain
|move|p1a: Solgaleo|Max Mindstorm|p2a: Talonflame
|-damage|p2a: Talonflame|0 fnt
|faint|p2a: Talonflame
|
|-weather|SunnyDay|[upkeep]
|upkeep
|-message|Sqshh forfeited.
|
|win|EddieB123
|raw|EddieB123's rating: 1431 &rarr; <strong>1450</strong><br />(+19 for winning)
|raw|Sqshh's rating: 1419 &rarr; <strong>1400</strong><br />(-19 for losing)
|l|☆Sqshh
