{"id": "gen8randombattle-1861606011", "p1": "cheng555666", "p2": "rudebwoy2di8", "format": "[Gen 8] Random Battle", "log": "|j|\u2606cheng555666\n|j|\u2606rudebwoy2di8\n|t:|1683780281\n|gametype|singles\n|player|p1|cheng555666|nate|1204\n|player|p2|rudebwoy2di8|biker|1372\n|teamsize|p1|6\n|teamsize|p2|6\n|gen|8\n|tier|[Gen 8] Random Battle\n|rated|\n|rule|Species Clause: Limit one of each Pok\u00e9mon\n|rule|HP Percentage Mod: HP is shown in percentages\n|rule|Sleep Clause Mod: Limit one foe put to sleep\n|\n|t:|1683780281\n|start\n|switch|p1a: Toxtricity|Toxtricity, L82, F|257/257\n|switch|p2a: Amoonguss|Amoonguss, L84, F|329/329\n|turn|1\n|inactive|Battle timer is ON: inactive players will automatically lose when time's up. (requested by cheng555666)\n|\n|t:|1683780363\n|move|p1a: Toxtricity|Shift Gear|p1a: Toxtricity\n|-boost|p1a: Toxtricity|spe|2\n|-boost|p1a: Toxtricity|atk|1\n|move|p2a: Amoonguss|Spore|p1a: Toxtricity\n|-status|p1a: Toxtricity|slp|[from] move: Spore\n|\n|upkeep\n|turn|2\n|\n|t:|1683780373\n|switch|p2a: Whiscash|Whiscash, L86, M|329/329\n|cant|p1a: Toxtricity|slp\n|\n|upkeep\n|turn|3\n|\n|t:|1683780387\n|switch|p1a: Butterfree|Butterfree, L87, M|246/246\n|move|p2a: Whiscash|Dragon Dance|p2a: Whiscash\n|-boost|p2a: Whiscash|atk|1\n|-boost|p2a: Whiscash|spe|1\n|\n|upkeep\n|turn|4\n|\n|t:|1683780404\n|move|p2a: Whiscash|Liquidation|p1a: Butterfree\n|-crit|p1a: Butterfree\n|-damage|p1a: Butterfree|0 fnt\n|faint|p1a: Butterfree\n|-damage|p2a: Whiscash|297/329|[from] item: Life Orb\n|\n|upkeep\n|\n|t:|1683780412\n|switch|p1a: Tapu Bulu|Tapu Bulu, L82|249/249\n|-fieldstart|move: Grassy Terrain|[from] ability: Grassy Surge|[of] p1a: Tapu Bulu\n|turn|5\n|\n|t:|1683780429\n|switch|p2a: Amoonguss|Amoonguss, L84, F|329/329\n|move|p1a: Tapu Bulu|Swords Dance|p1a: Tapu Bulu\n|-boost|p1a: Tapu Bulu|atk|2\n|\n|upkeep\n|turn|6\n|\n|t:|1683780448\n|move|p1a: Tapu Bulu|Megahorn|p2a: Amoonguss\n|-damage|p2a: Amoonguss|72/329\n|move|p2a: Amoonguss|Toxic|p1a: Tapu Bulu\n|-status|p1a: Tapu Bulu|tox\n|-enditem|p1a: Tapu Bulu|Lum Berry|[eat]\n|-curestatus|p1a: Tapu Bulu|tox|[msg]\n|\n|-heal|p2a: Amoonguss|92/329|[from] Grassy Terrain\n|-heal|p2a: Amoonguss|112/329|[from] item: Black Sludge\n|upkeep\n|turn|7\n|\n|t:|1683780473\n|switch|p2a: Tentacruel|Tentacruel, L84, F|272/272\n|move|p1a: Tapu Bulu|Megahorn|p2a: Tentacruel\n|-resisted|p2a: Tentacruel\n|-damage|p2a: Tentacruel|154/272\n|\n|-heal|p2a: Tentacruel|171/272|[from] Grassy Terrain\n|-heal|p2a: Tentacruel|188/272|[from] item: Black Sludge\n|upkeep\n|turn|8\n|\n|t:|1683780484\n|move|p2a: Tentacruel|Haze|p2a: Tentacruel\n|-clearallboost\n|move|p1a: Tapu Bulu|Wood Hammer|p2a: Tentacruel\n|-damage|p2a: Tentacruel|0 fnt\n|faint|p2a: Tentacruel\n|-damage|p1a: Tapu Bulu|187/249|[from] Recoil\n|\n|-heal|p1a: Tapu Bulu|202/249|[from] Grassy Terrain\n|upkeep\n|\n|t:|1683780492\n|switch|p2a: Amoonguss|Amoonguss, L84, F|221/329\n|turn|9\n|\n|t:|1683780501\n|switch|p1a: Glaceon|Glaceon, L88, F|258/258\n|move|p2a: Amoonguss|Toxic|p1a: Glaceon\n|-status|p1a: Glaceon|tox\n|\n|-heal|p2a: Amoonguss|241/329|[from] Grassy Terrain\n|-heal|p2a: Amoonguss|261/329|[from] item: Black Sludge\n|-damage|p1a: Glaceon|242/258 tox|[from] psn\n|-fieldend|move: Grassy Terrain\n|upkeep\n|turn|10\n|\n|t:|1683780515\n|switch|p2a: Throh|Throh, L86, M|347/347\n|move|p1a: Glaceon|Freeze-Dry|p2a: Throh\n|-damage|p2a: Throh|239/347\n|\n|-heal|p1a: Glaceon|258/258 tox|[from] item: Leftovers\n|-heal|p2a: Throh|260/347|[from] item: Leftovers\n|-damage|p1a: Glaceon|226/258 tox|[from] psn\n|upkeep\n|turn|11\n|\n|t:|1683780534\n|switch|p1a: Toxtricity|Toxtricity, L82, F|257/257 slp\n|move|p2a: Throh|Circle Throw|p1a: Toxtricity|[miss]\n|-miss|p2a: Throh|p1a: Toxtricity\n|\n|-heal|p2a: Throh|281/347|[from] item: Leftovers\n|upkeep\n|turn|12\n|\n|t:|1683780550\n|cant|p1a: Toxtricity|slp\n|move|p2a: Throh|Circle Throw|p1a: Toxtricity\n|-resisted|p1a: Toxtricity\n|-crit|p1a: Toxtricity\n|-damage|p1a: Toxtricity|194/257 slp\n|drag|p1a: Glaceon|Glaceon, L88, F|226/258 tox\n|\n|-heal|p1a: Glaceon|242/258 tox|[from] item: Leftovers\n|-heal|p2a: Throh|302/347|[from] item: Leftovers\n|-damage|p1a: Glaceon|226/258 tox|[from] psn\n|upkeep\n|turn|13\n|\n|t:|1683780565\n|move|p1a: Glaceon|Toxic|p2a: Throh\n|-status|p2a: Throh|tox\n|move|p2a: Throh|Circle Throw|p1a: Glaceon\n|-supereffective|p1a: Glaceon\n|-damage|p1a: Glaceon|64/258 tox\n|drag|p1a: Tapu Bulu|Tapu Bulu, L82|202/249\n|-fieldstart|move: Grassy Terrain|[from] ability: Grassy Surge|[of] p1a: Tapu Bulu\n|\n|-heal|p1a: Tapu Bulu|217/249|[from] Grassy Terrain\n|-heal|p2a: Throh|323/347 tox|[from] Grassy Terrain\n|-heal|p2a: Throh|344/347 tox|[from] item: Leftovers\n|-damage|p2a: Throh|323/347 tox|[from] psn\n|upkeep\n|turn|14\n|\n|t:|1683780583\n|move|p1a: Tapu Bulu|Close Combat|p2a: Throh\n|-damage|p2a: Throh|218/347 tox\n|-unboost|p1a: Tapu Bulu|def|1\n|-unboost|p1a: Tapu Bulu|spd|1\n|move|p2a: Throh|Circle Throw|p1a: Tapu Bulu\n|-resisted|p1a: Tapu Bulu\n|-damage|p1a: Tapu Bulu|158/249\n|drag|p1a: Glaceon|Glaceon, L88, F|64/258 tox\n|\n|-heal|p1a: Glaceon|80/258 tox|[from] Grassy Terrain\n|-heal|p1a: Glaceon|96/258 tox|[from] item: Leftovers\n|-heal|p2a: Throh|239/347 tox|[from] Grassy Terrain\n|-heal|p2a: Throh|260/347 tox|[from] item: Leftovers\n|-damage|p1a: Glaceon|80/258 tox|[from] psn\n|-damage|p2a: Throh|218/347 tox|[from] psn\n|upkeep\n|turn|15\n|\n|t:|1683780599\n|move|p1a: Glaceon|Wish|p1a: Glaceon\n|move|p2a: Throh|Rest|p2a: Throh\n|-status|p2a: Throh|slp|[from] move: Rest\n|-heal|p2a: Throh|347/347 slp|[silent]\n|\n|-heal|p1a: Glaceon|96/258 tox|[from] Grassy Terrain\n|-heal|p1a: Glaceon|112/258 tox|[from] item: Leftovers\n|-damage|p1a: Glaceon|80/258 tox|[from] psn\n|upkeep\n|turn|16\n|\n|t:|1683780612\n|switch|p1a: Tapu Bulu|Tapu Bulu, L82|158/249\n|cant|p2a: Throh|slp\n|move|p2a: Throh|Sleep Talk|p2a: Throh\n|move|p2a: Throh|Circle Throw|p1a: Tapu Bulu|[from]move: Sleep Talk\n|-resisted|p1a: Tapu Bulu\n|-damage|p1a: Tapu Bulu|119/249\n|drag|p1a: Diancie|Diancie, L82|216/216\n|\n|upkeep\n|turn|17\n|inactive|cheng555666 has 120 seconds left.\n|\n|t:|1683780633\n|-start|p1a: Diancie|Dynamax|\n|-heal|p1a: Diancie|432/432|[silent]\n|move|p1a: Diancie|Max Starfall|p2a: Throh\n|-supereffective|p2a: Throh\n|-damage|p2a: Throh|69/347 slp\n|-fieldstart|move: Misty Terrain\n|cant|p2a: Throh|slp\n|move|p2a: Throh|Sleep Talk|p2a: Throh\n|move|p2a: Throh|Rest||[from]move: Sleep Talk|[still]\n|-fail|p2a: Throh\n|\n|-heal|p2a: Throh|90/347 slp|[from] item: Leftovers\n|upkeep\n|turn|18\n|inactive|cheng555666 has 120 seconds left.\n|\n|t:|1683780649\n|move|p1a: Diancie|Max Starfall|p2a: Throh\n|-supereffective|p2a: Throh\n|-damage|p2a: Throh|0 fnt\n|faint|p2a: Throh\n|\n|upkeep\n|\n|t:|1683780661\n|switch|p2a: Zacian|Zacian-Crowned, L62|218/218\n|-ability|p2a: Zacian|Intrepid Sword|boost\n|-boost|p2a: Zacian|atk|1\n|turn|19\n|inactive|cheng555666 has 120 seconds left.\n|\n|t:|1683780667\n|move|p2a: Zacian|Behemoth Blade|p1a: Diancie\n|-supereffective|p1a: Diancie\n|-damage|p1a: Diancie|0 fnt\n|faint|p1a: Diancie\n|\n|upkeep\n|inactive|cheng555666 has 120 seconds left.\n|\n|t:|1683780679\n|switch|p1a: Clawitzer|Clawitzer, L84, F|256/256\n|turn|20\n|\n|t:|1683780684\n|switch|p2a: Whiscash|Whiscash, L86, M|297/329\n|move|p1a: Clawitzer|Aura Sphere|p2a: Whiscash\n|-damage|p2a: Whiscash|128/329\n|\n|upkeep\n|turn|21\n|\n|t:|1683780693\n|move|p2a: Whiscash|Zen Headbutt|p1a: Clawitzer\n|-damage|p1a: Clawitzer|195/256\n|-damage|p2a: Whiscash|96/329|[from] item: Life Orb\n|move|p1a: Clawitzer|Aura Sphere|p2a: Whiscash\n|-damage|p2a: Whiscash|0 fnt\n|faint|p2a: Whiscash\n|\n|-fieldend|Misty Terrain\n|upkeep\n|\n|t:|1683780699\n|switch|p2a: Amoonguss|Amoonguss, L84, F|329/329\n|turn|22\n|\n|t:|1683780705\n|switch|p1a: Glaceon|Glaceon, L88, F|80/258 tox\n|move|p2a: Amoonguss|Sludge Bomb|p1a: Glaceon\n|-damage|p1a: Glaceon|5/258 tox\n|\n|-heal|p1a: Glaceon|21/258 tox|[from] item: Leftovers\n|-damage|p1a: Glaceon|5/258 tox|[from] psn\n|upkeep\n|turn|23\n|\n|t:|1683780718\n|switch|p2a: Zacian|Zacian-Crowned, L62|218/218\n|-ability|p2a: Zacian|Intrepid Sword|boost\n|-boost|p2a: Zacian|atk|1\n|move|p1a: Glaceon|Wish|p1a: Glaceon\n|\n|-heal|p1a: Glaceon|21/258 tox|[from] item: Leftovers\n|-damage|p1a: Glaceon|0 fnt|[from] psn\n|faint|p1a: Glaceon\n|upkeep\n|\n|t:|1683780736\n|switch|p1a: Clawitzer|Clawitzer, L84, F|195/256\n|turn|24\n|\n|t:|1683780747\n|switch|p2a: Amoonguss|Amoonguss, L84, F|329/329\n|move|p1a: Clawitzer|Ice Beam|p2a: Amoonguss\n|-supereffective|p2a: Amoonguss\n|-damage|p2a: Amoonguss|99/329\n|-status|p2a: Amoonguss|frz\n|\n|-heal|p1a: Clawitzer|256/256|[from] move: Wish|[wisher] Glaceon\n|-heal|p2a: Amoonguss|119/329 frz|[from] item: Black Sludge\n|upkeep\n|turn|25\n|\n|t:|1683780758\n|move|p1a: Clawitzer|Ice Beam|p2a: Amoonguss\n|-supereffective|p2a: Amoonguss\n|-damage|p2a: Amoonguss|0 fnt\n|faint|p2a: Amoonguss\n|\n|upkeep\n|\n|t:|1683780763\n|switch|p2a: Zekrom|Zekrom, L69|252/252\n|-ability|p2a: Zekrom|Teravolt\n|turn|26\n|\n|t:|1683780768\n|-start|p2a: Zekrom|Dynamax|\n|-heal|p2a: Zekrom|504/504|[silent]\n|move|p2a: Zekrom|Max Lightning|p1a: Clawitzer\n|-supereffective|p1a: Clawitzer\n|-damage|p1a: Clawitzer|0 fnt\n|-fieldstart|move: Electric Terrain\n|faint|p1a: Clawitzer\n|\n|upkeep\n|\n|t:|1683780779\n|switch|p1a: Toxtricity|Toxtricity, L82, F|194/257 slp\n|turn|27\n|\n|t:|1683780787\n|-curestatus|p1a: Toxtricity|slp|[msg]\n|move|p1a: Toxtricity|Shift Gear|p1a: Toxtricity\n|-boost|p1a: Toxtricity|spe|2\n|-boost|p1a: Toxtricity|atk|1\n|move|p2a: Zekrom|Max Wyrmwind|p1a: Toxtricity\n|-damage|p1a: Toxtricity|13/257\n|-unboost|p1a: Toxtricity|atk|1\n|\n|upkeep\n|turn|28\n|\n|t:|1683780806\n|move|p1a: Toxtricity|Boomburst|p2a: Zekrom\n|-damage|p2a: Zekrom|344/504\n|-enditem|p1a: Toxtricity|Throat Spray\n|-boost|p1a: Toxtricity|spa|1|[from] item: Throat Spray\n|move|p2a: Zekrom|Max Wyrmwind|p1a: Toxtricity\n|-damage|p1a: Toxtricity|0 fnt\n|faint|p1a: Toxtricity\n|\n|upkeep\n|\n|t:|1683780815\n|switch|p1a: Tapu Bulu|Tapu Bulu, L82|119/249\n|-fieldstart|move: Grassy Terrain|[from] ability: Grassy Surge|[of] p1a: Tapu Bulu\n|-end|p2a: Zekrom|Dynamax\n|-heal|p2a: Zekrom|172/252|[silent]\n|turn|29\n|c|\u2606rudebwoy2di8|gg\n|\n|t:|1683780828\n|move|p1a: Tapu Bulu|Swords Dance|p1a: Tapu Bulu\n|-boost|p1a: Tapu Bulu|atk|2\n|move|p2a: Zekrom|Bolt Strike|p1a: Tapu Bulu\n|-resisted|p1a: Tapu Bulu\n|-damage|p1a: Tapu Bulu|68/249\n|\n|-heal|p1a: Tapu Bulu|83/249|[from] Grassy Terrain\n|-heal|p2a: Zekrom|187/252|[from] Grassy Terrain\n|upkeep\n|turn|30\n|\n|t:|1683780840\n|move|p1a: Tapu Bulu|Megahorn|p2a: Zekrom\n|-damage|p2a: Zekrom|3/252\n|move|p2a: Zekrom|Bolt Strike|p1a: Tapu Bulu\n|-resisted|p1a: Tapu Bulu\n|-damage|p1a: Tapu Bulu|31/249\n|\n|-heal|p1a: Tapu Bulu|46/249|[from] Grassy Terrain\n|-heal|p2a: Zekrom|18/252|[from] Grassy Terrain\n|upkeep\n|turn|31\n|\n|t:|1683780852\n|move|p1a: Tapu Bulu|Megahorn|p2a: Zekrom\n|-damage|p2a: Zekrom|0 fnt\n|faint|p2a: Zekrom\n|\n|-heal|p1a: Tapu Bulu|61/249|[from] Grassy Terrain\n|upkeep\n|\n|t:|1683780869\n|switch|p2a: Zacian|Zacian-Crowned, L62|218/218\n|-ability|p2a: Zacian|Intrepid Sword|boost\n|-boost|p2a: Zacian|atk|1\n|turn|32\n|\n|t:|1683780875\n|move|p2a: Zacian|Behemoth Blade|p1a: Tapu Bulu\n|-supereffective|p1a: Tapu Bulu\n|-damage|p1a: Tapu Bulu|0 fnt\n|faint|p1a: Tapu Bulu\n|\n|win|rudebwoy2di8\n|raw|cheng555666's rating: 1204 &rarr; <strong>1190</strong><br />(-14 for losing)\n|raw|rudebwoy2di8's rating: 1372 &rarr; <strong>1383</strong><br />(+11 for winning)\n|l|\u2606rudebwoy2di8\n", "inputlog": ">version bce759c5f189753f4322d11c9e5aa78bbe1b1bf9\n>start {\"formatid\":\"gen8randombattle\",\"seed\":[65033,21187,25096,2051],\"rated\":\"Rated battle\"}\n>player p1 {\"name\":\"cheng555666\",\"avatar\":\"nate\",\"rating\":1204,\"seed\":[25775,51869,14954,2084]}\n>player p2 {\"name\":\"rudebwoy2di8\",\"avatar\":\"biker\",\"rating\":1372,\"seed\":[50953,4416,44189,33478]}\n>p1 move shiftgear\n>p2 move spore\n>p1 move boomburst\n>p2 switch 6\n>p1 switch 5\n>p2 move dragondance\n>p1 move sleeppowder\n>p2 move liquidation\n>p1 switch 6\n>p1 move swordsdance\n>p2 switch 6\n>p1 move megahorn\n>p2 move toxic\n>p1 move megahorn\n>p2 switch 2\n>p1 move woodhammer\n>p2 move haze\n>p2 switch 2\n>p1 switch 3\n>p2 move toxic\n>p1 move freezedry\n>p2 switch 5\n>p1 switch 5\n>p2 move circlethrow\n>p1 move shiftgear\n>p2 move circlethrow\n>p1 move toxic\n>p2 move circlethrow\n>p1 move closecombat\n>p2 move circlethrow\n>p1 move wish\n>p2 move rest\n>p1 switch 3\n>p2 move sleeptalk\n>p1 move moonblast dynamax\n>p2 move sleeptalk\n>p1 move moonblast dynamax\n>p2 move sleeptalk\n>p2 switch 3\n>p1 move earthpower dynamax\n>p2 move behemothblade\n>p1 switch 4\n>p1 move aurasphere\n>p2 switch 6\n>p1 move aurasphere\n>p2 move zenheadbutt\n>p2 switch 5\n>p1 switch 3\n>p2 move sludgebomb\n>p1 move wish\n>p2 switch 6\n>p1 switch 3\n>p1 move icebeam\n>p2 switch 6\n>p1 move icebeam\n>p2 move toxic\n>p2 switch 4\n>p1 move icebeam\n>p2 move boltstrike dynamax\n>p1 switch 5\n>p1 move shiftgear\n>p2 move outrage dynamax\n>p1 move boomburst\n>p2 move outrage dynamax\n>p1 switch 2\n>chat \u2606rudebwoy2di8|gg\n>p1 move swordsdance\n>p2 move boltstrike\n>p1 move megahorn\n>p2 move boltstrike\n>p1 move megahorn\n>p2 move boltstrike\n>p2 switch 6\n>p1 move closecombat\n>p2 move behemothblade", "uploadtime": 1683780915, "views": 12, "p1id": "cheng555666", "p2id": "rudebwoy2di8", "formatid": "gen8randombattle", "rating": 1190, "private": 0, "password": ""}