{"id": "gen8randombattle-1874153570", "p1": "ttwwxxnn", "p2": "cftx", "format": "[Gen 8] Random Battle", "log": "|j|\u2606ttwwxxnn\n|j|\u2606cftx\n|t:|1685469039\n|gametype|singles\n|player|p1|ttwwxxnn|2|\n|player|p2|cftx|yellow|\n|teamsize|p1|6\n|teamsize|p2|6\n|gen|8\n|tier|[Gen 8] Random Battle\n|rule|Species Clause: Limit one of each Pok\u00e9mon\n|rule|HP Percentage Mod: HP is shown in percentages\n|rule|Sleep Clause Mod: Limit one foe put to sleep\n|\n|t:|1685469039\n|start\n|switch|p1a: Jellicent|Jellicent, L84, F|305/305\n|switch|p2a: Meowstic|Meowstic-F, L86, F|268/268\n|turn|1\n|\n|t:|1685469052\n|switch|p2a: Bouffalant|Bouffalant, L84, M|297/297\n|move|p1a: Jellicent|Shadow Ball|p2a: Bouffalant\n|-immune|p2a: Bouffalant\n|\n|upkeep\n|turn|2\n|\n|t:|1685469064\n|switch|p1a: Rotom|Rotom-Frost, L84|221/221\n|move|p2a: Bouffalant|Swords Dance|p2a: Bouffalant\n|-boost|p2a: Bouffalant|atk|2\n|\n|upkeep\n|turn|3\n|\n|t:|1685469075\n|move|p1a: Rotom|Nasty Plot|p1a: Rotom\n|-boost|p1a: Rotom|spa|2\n|move|p2a: Bouffalant|Head Charge|p1a: Rotom\n|-damage|p1a: Rotom|0 fnt\n|faint|p1a: Rotom\n|-damage|p2a: Bouffalant|242/297|[from] Recoil\n|\n|-heal|p2a: Bouffalant|260/297|[from] item: Leftovers\n|upkeep\n|\n|t:|1685469087\n|switch|p1a: Throh|Throh, L86, M|347/347\n|turn|4\n|\n|t:|1685469092\n|-start|p1a: Throh|Dynamax|\n|-heal|p1a: Throh|694/694|[silent]\n|move|p2a: Bouffalant|Head Charge|p1a: Throh\n|-damage|p1a: Throh|387/694\n|-damage|p2a: Bouffalant|183/297|[from] Recoil\n|move|p1a: Throh|Max Knuckle|p2a: Bouffalant\n|-supereffective|p2a: Bouffalant\n|-damage|p2a: Bouffalant|0 fnt\n|-boost|p1a: Throh|atk|1\n|faint|p2a: Bouffalant\n|\n|-heal|p1a: Throh|408/694|[from] item: Leftovers\n|upkeep\n|\n|t:|1685469098\n|switch|p2a: Raichu|Raichu-Alola, L84, M|238/238\n|turn|5\n|\n|t:|1685469111\n|move|p2a: Raichu|Psyshock|p1a: Throh\n|-supereffective|p1a: Throh\n|-crit|p1a: Throh\n|-damage|p1a: Throh|64/694\n|move|p1a: Throh|Max Darkness|p2a: Raichu\n|-supereffective|p2a: Raichu\n|-damage|p2a: Raichu|0 fnt\n|faint|p2a: Raichu\n|\n|-heal|p1a: Throh|85/694|[from] item: Leftovers\n|upkeep\n|\n|t:|1685469116\n|switch|p2a: Meowstic|Meowstic-F, L86, F|268/268\n|turn|6\n|\n|t:|1685469125\n|move|p2a: Meowstic|Psychic|p1a: Throh\n|-supereffective|p1a: Throh\n|-damage|p1a: Throh|0 fnt\n|faint|p1a: Throh\n|-damage|p2a: Meowstic|242/268|[from] item: Life Orb\n|\n|upkeep\n|\n|t:|1685469134\n|switch|p1a: Aerodactyl|Aerodactyl, L82, F|265/265\n|-ability|p1a: Aerodactyl|Unnerve\n|turn|7\n|\n|t:|1685469144\n|move|p1a: Aerodactyl|Earthquake|p2a: Meowstic\n|-damage|p2a: Meowstic|165/268\n|move|p2a: Meowstic|Thunderbolt|p1a: Aerodactyl\n|-supereffective|p1a: Aerodactyl\n|-damage|p1a: Aerodactyl|70/265\n|-damage|p2a: Meowstic|139/268|[from] item: Life Orb\n|\n|upkeep\n|turn|8\n|\n|t:|1685469154\n|move|p1a: Aerodactyl|Dual Wingbeat|p2a: Meowstic\n|-damage|p2a: Meowstic|90/268\n|-damage|p2a: Meowstic|41/268\n|-hitcount|p2a: Meowstic|2\n|move|p2a: Meowstic|Psychic|p1a: Aerodactyl\n|-damage|p1a: Aerodactyl|0 fnt\n|faint|p1a: Aerodactyl\n|-damage|p2a: Meowstic|15/268|[from] item: Life Orb\n|\n|upkeep\n|\n|t:|1685469164\n|switch|p1a: Quagsire|Quagsire, L84, M|297/297\n|turn|9\n|\n|t:|1685469168\n|move|p2a: Meowstic|Energy Ball|p1a: Quagsire\n|-supereffective|p1a: Quagsire\n|-damage|p1a: Quagsire|0 fnt\n|faint|p1a: Quagsire\n|-damage|p2a: Meowstic|0 fnt|[from] item: Life Orb\n|faint|p2a: Meowstic\n|\n|upkeep\n|\n|t:|1685469177\n|switch|p2a: Genesect|Genesect, L74|227/227\n|switch|p1a: Jellicent|Jellicent, L84, F|305/305\n|-ability|p2a: Genesect|Download|boost\n|-boost|p2a: Genesect|atk|1\n|turn|10\n|\n|t:|1685469186\n|switch|p2a: Eternatus|Eternatus, L69|308/308\n|-ability|p2a: Eternatus|Pressure\n|move|p1a: Jellicent|Will-O-Wisp|p2a: Eternatus|[miss]\n|-miss|p1a: Jellicent|p2a: Eternatus\n|\n|upkeep\n|turn|11\n|\n|t:|1685469197\n|move|p2a: Eternatus|Dynamax Cannon|p1a: Jellicent\n|-damage|p1a: Jellicent|220/305\n|move|p1a: Jellicent|Will-O-Wisp|p2a: Eternatus\n|-status|p2a: Eternatus|brn\n|\n|-heal|p1a: Jellicent|239/305|[from] item: Leftovers\n|-damage|p2a: Eternatus|289/308 brn|[from] brn\n|upkeep\n|turn|12\n|\n|t:|1685469211\n|move|p2a: Eternatus|Dynamax Cannon|p1a: Jellicent\n|-damage|p1a: Jellicent|142/305\n|move|p1a: Jellicent|Shadow Ball|p2a: Eternatus\n|-damage|p2a: Eternatus|199/308 brn\n|\n|-heal|p1a: Jellicent|161/305|[from] item: Leftovers\n|-damage|p2a: Eternatus|180/308 brn|[from] brn\n|upkeep\n|turn|13\n|\n|t:|1685469225\n|move|p2a: Eternatus|Dynamax Cannon|p1a: Jellicent\n|-damage|p1a: Jellicent|48/305\n|move|p1a: Jellicent|Scald|p2a: Eternatus\n|-resisted|p2a: Eternatus\n|-damage|p2a: Eternatus|135/308 brn\n|\n|-heal|p1a: Jellicent|67/305|[from] item: Leftovers\n|-damage|p2a: Eternatus|116/308 brn|[from] brn\n|upkeep\n|turn|14\n|\n|t:|1685469234\n|move|p2a: Eternatus|Dynamax Cannon|p1a: Jellicent\n|-damage|p1a: Jellicent|0 fnt\n|faint|p1a: Jellicent\n|\n|-damage|p2a: Eternatus|97/308 brn|[from] brn\n|upkeep\n|\n|t:|1685469241\n|switch|p1a: Zapdos|Zapdos, L78|268/268\n|turn|15\n|\n|t:|1685469245\n|move|p2a: Eternatus|Recover|p2a: Eternatus\n|-heal|p2a: Eternatus|251/308 brn\n|move|p1a: Zapdos|Discharge|p2a: Eternatus\n|-resisted|p2a: Eternatus\n|-damage|p2a: Eternatus|203/308 brn\n|\n|-damage|p2a: Eternatus|184/308 brn|[from] brn\n|upkeep\n|turn|16\n|\n|t:|1685469255\n|move|p2a: Eternatus|Dynamax Cannon|p1a: Zapdos\n|-damage|p1a: Zapdos|163/268\n|move|p1a: Zapdos|Hurricane|p2a: Eternatus|[miss]\n|-miss|p1a: Zapdos|p2a: Eternatus\n|\n|-damage|p2a: Eternatus|165/308 brn|[from] brn\n|upkeep\n|turn|17\n|\n|t:|1685469265\n|move|p2a: Eternatus|Dynamax Cannon|p1a: Zapdos\n|-damage|p1a: Zapdos|29/268\n|move|p1a: Zapdos|Roost|p1a: Zapdos\n|-heal|p1a: Zapdos|163/268\n|-singleturn|p1a: Zapdos|move: Roost\n|\n|-damage|p2a: Eternatus|146/308 brn|[from] brn\n|upkeep\n|turn|18\n|\n|t:|1685469274\n|move|p2a: Eternatus|Dynamax Cannon|p1a: Zapdos\n|-crit|p1a: Zapdos\n|-damage|p1a: Zapdos|0 fnt\n|faint|p1a: Zapdos\n|\n|win|cftx\n|l|\u2606ttwwxxnn\n", "inputlog": ">version b04b3d7eb02acfee3319999ae188c673d8c969f3\n>start {\"formatid\":\"gen8randombattle\",\"seed\":[6356,48659,7299,2689]}\n>player p1 {\"name\":\"ttwwxxnn\",\"avatar\":\"2\",\"rating\":0,\"seed\":[47920,54006,59708,5337]}\n>player p2 {\"name\":\"cftx\",\"avatar\":\"yellow\",\"rating\":0,\"seed\":[49635,4359,18532,42018]}\n>p1 move shadowball\n>p2 switch 5\n>p1 switch 3\n>p2 move swordsdance\n>p1 move nastyplot\n>p2 move headcharge\n>p1 switch 2\n>p1 move circlethrow dynamax\n>p2 move headcharge\n>p2 switch 6\n>p1 move knockoff dynamax\n>p2 move psyshock\n>p2 switch 5\n>p1 move knockoff dynamax\n>p2 move psychic\n>p1 switch 4\n>p1 move earthquake\n>p2 move thunderbolt\n>p1 move dualwingbeat\n>p2 move psychic\n>p1 switch 5\n>p1 move earthquake\n>p2 move energyball\n>p1 switch 3\n>p2 switch 2\n>p1 move willowisp\n>p2 switch 3\n>p1 move willowisp\n>p2 move dynamaxcannon\n>p1 move shadowball\n>p2 move dynamaxcannon\n>p1 move scald\n>p2 move dynamaxcannon\n>p1 move shadowball\n>p2 move dynamaxcannon\n>p1 switch 6\n>p1 move discharge\n>p2 move recover\n>p1 move hurricane\n>p2 move dynamaxcannon\n>p1 move roost\n>p2 move dynamaxcannon\n>p1 move roost\n>p2 move dynamaxcannon", "uploadtime": 1685469284, "views": 3, "p1id": "ttwwxxnn", "p2id": "cftx", "formatid": "gen8randombattle", "rating": 0, "private": 0, "password": ""}