{"id": "gen8randombattle-1871580730", "p1": "PrinceOfAllTacos", "p2": "Ev_Evan", "format": "[Gen 8] Random Battle", "log": "|j|\u2606PrinceOfAllTacos\n|j|\u2606Ev_Evan\n|t:|1685109234\n|gametype|singles\n|player|p1|PrinceOfAllTacos|#psplxtournaments|\n|player|p2|Ev_Evan|volkner|\n|teamsize|p1|6\n|teamsize|p2|6\n|gen|8\n|tier|[Gen 8] Random Battle\n|rule|Species Clause: Limit one of each Pok\u00e9mon\n|rule|HP Percentage Mod: HP is shown in percentages\n|rule|Sleep Clause Mod: Limit one foe put to sleep\n|\n|t:|1685109234\n|start\n|switch|p1a: Excadrill|Excadrill, L78, F|300/300\n|switch|p2a: Lycanroc|Lycanroc-Midnight, L82, F|274/274\n|-ability|p1a: Excadrill|Mold Breaker\n|turn|1\n|inactive|Battle timer is ON: inactive players will automatically lose when time's up. (requested by Ev_Evan)\n|c|\u2606PrinceOfAllTacos|gl hf\n|c|\u2606Ev_Evan|glhf\n|c|\u2606Ev_Evan|game1\n|inactive|Ev_Evan has 270 seconds left.\n|\n|t:|1685109280\n|switch|p1a: Heracross|Heracross, L82, F|265/265\n|move|p2a: Lycanroc|Close Combat|p1a: Heracross\n|-resisted|p1a: Heracross\n|-damage|p1a: Heracross|182/265\n|-unboost|p2a: Lycanroc|def|1\n|-unboost|p2a: Lycanroc|spd|1\n|\n|-status|p1a: Heracross|brn|[from] item: Flame Orb\n|upkeep\n|turn|2\n|inactive|Ev_Evan has 270 seconds left.\n|\n|t:|1685109336\n|switch|p2a: Pyukumuku|Pyukumuku, L84, F|230/230\n|move|p1a: Heracross|Close Combat|p2a: Pyukumuku\n|-damage|p2a: Pyukumuku|61/230\n|-unboost|p1a: Heracross|def|1\n|-unboost|p1a: Heracross|spd|1\n|\n|-heal|p2a: Pyukumuku|75/230|[from] item: Leftovers\n|-damage|p1a: Heracross|166/265 brn|[from] brn\n|upkeep\n|turn|3\n|inactive|Ev_Evan has 240 seconds left.\n|\n|t:|1685109363\n|switch|p2a: Shedinja|Shedinja, L88|1/1\n|move|p1a: Heracross|Facade|p2a: Shedinja\n|-immune|p2a: Shedinja|[from] ability: Wonder Guard\n|\n|-damage|p1a: Heracross|150/265 brn|[from] brn\n|upkeep\n|turn|4\n|\n|t:|1685109390\n|switch|p2a: Lycanroc|Lycanroc-Midnight, L82, F|274/274\n|move|p1a: Heracross|Knock Off|p2a: Lycanroc\n|-damage|p2a: Lycanroc|126/274\n|-enditem|p2a: Lycanroc|Choice Band|[from] move: Knock Off|[of] p1a: Heracross\n|\n|-damage|p1a: Heracross|134/265 brn|[from] brn\n|upkeep\n|turn|5\n|\n|t:|1685109399\n|-start|p2a: Lycanroc|Dynamax|\n|-heal|p2a: Lycanroc|252/548|[silent]\n|move|p1a: Heracross|Close Combat|p2a: Lycanroc\n|-supereffective|p2a: Lycanroc\n|-damage|p2a: Lycanroc|0 fnt\n|-unboost|p1a: Heracross|def|1\n|-unboost|p1a: Heracross|spd|1\n|faint|p2a: Lycanroc\n|\n|-damage|p1a: Heracross|118/265 brn|[from] brn\n|upkeep\n|\n|t:|1685109411\n|switch|p2a: Lapras|Lapras, L86, M|363/363\n|turn|6\n|\n|t:|1685109418\n|move|p1a: Heracross|Close Combat|p2a: Lapras\n|-supereffective|p2a: Lapras\n|-damage|p2a: Lapras|0 fnt\n|-unboost|p1a: Heracross|def|1\n|-unboost|p1a: Heracross|spd|1\n|faint|p2a: Lapras\n|\n|-damage|p1a: Heracross|102/265 brn|[from] brn\n|upkeep\n|\n|t:|1685109422\n|switch|p2a: Corviknight|Corviknight, L78, F|281/281\n|-ability|p2a: Corviknight|Pressure\n|turn|7\n|\n|t:|1685109430\n|switch|p1a: Vikavolt|Vikavolt, L82, F|260/260\n|move|p2a: Corviknight|Brave Bird|p1a: Vikavolt\n|-damage|p1a: Vikavolt|161/260\n|-damage|p2a: Corviknight|248/281|[from] Recoil\n|\n|-heal|p2a: Corviknight|265/281|[from] item: Leftovers\n|upkeep\n|turn|8\n|\n|t:|1685109440\n|switch|p2a: Shedinja|Shedinja, L88|1/1\n|switch|p1a: Excadrill|Excadrill, L78, F|300/300\n|-ability|p1a: Excadrill|Mold Breaker\n|\n|upkeep\n|turn|9\n|inactive|Ev_Evan has 240 seconds left.\n|c|\u2606Ev_Evan|this is so bad for me\n|\n|t:|1685109453\n|switch|p2a: Pyukumuku|Pyukumuku, L84, F|75/230\n|move|p1a: Excadrill|Rock Slide|p2a: Pyukumuku|[miss]\n|-miss|p1a: Excadrill|p2a: Pyukumuku\n|\n|-heal|p2a: Pyukumuku|89/230|[from] item: Leftovers\n|upkeep\n|turn|10\n|c|\u2606PrinceOfAllTacos|yea these teams are very unfortunate\n|\n|t:|1685109463\n|move|p1a: Excadrill|Earthquake|p2a: Pyukumuku\n|-damage|p2a: Pyukumuku|0 fnt\n|faint|p2a: Pyukumuku\n|-damage|p1a: Excadrill|270/300|[from] item: Life Orb\n|\n|upkeep\n|\n|t:|1685109468\n|switch|p2a: Tyrantrum|Tyrantrum, L82, M|269/269\n|turn|11\n|\n|t:|1685109475\n|move|p1a: Excadrill|Earthquake|p2a: Tyrantrum\n|-supereffective|p2a: Tyrantrum\n|-damage|p2a: Tyrantrum|32/269\n|-damage|p1a: Excadrill|240/300|[from] item: Life Orb\n|move|p2a: Tyrantrum|Dragon Dance|p2a: Tyrantrum\n|-boost|p2a: Tyrantrum|atk|1\n|-boost|p2a: Tyrantrum|spe|1\n|\n|upkeep\n|turn|12\n|\n|t:|1685109487\n|switch|p1a: Vikavolt|Vikavolt, L82, F|161/260\n|move|p2a: Tyrantrum|Earthquake|p1a: Vikavolt\n|-immune|p1a: Vikavolt|[from] ability: Levitate\n|\n|upkeep\n|turn|13\n|\n|t:|1685109493\n|move|p2a: Tyrantrum|Outrage|p1a: Vikavolt\n|-damage|p1a: Vikavolt|0 fnt\n|faint|p1a: Vikavolt\n|-damage|p2a: Tyrantrum|6/269|[from] item: Life Orb\n|\n|upkeep\n|\n|t:|1685109501\n|switch|p1a: Blastoise|Blastoise, L82, F|264/264\n|turn|14\n|c|\u2606Ev_Evan|i lose this\n|\n|t:|1685109504\n|move|p2a: Tyrantrum|Outrage|p1a: Blastoise|[from]lockedmove\n|-damage|p1a: Blastoise|1/264\n|-damage|p2a: Tyrantrum|0 fnt|[from] item: Life Orb\n|faint|p2a: Tyrantrum\n|move|p1a: Blastoise|Shell Smash|p1a: Blastoise\n|-unboost|p1a: Blastoise|def|1\n|-unboost|p1a: Blastoise|spd|1\n|-boost|p1a: Blastoise|atk|2\n|-boost|p1a: Blastoise|spa|2\n|-boost|p1a: Blastoise|spe|2\n|-enditem|p1a: Blastoise|White Herb\n|-clearnegativeboost|p1a: Blastoise|[silent]\n|\n|upkeep\n|inactive|Ev_Evan has 270 seconds left.\n|\n|t:|1685109510\n|switch|p2a: Shedinja|Shedinja, L88|1/1\n|turn|15\n|\n|t:|1685109514\n|-start|p1a: Blastoise|Dynamax|\n|-heal|p1a: Blastoise|2/528|[silent]\n|move|p2a: Shedinja|Shadow Sneak|p1a: Blastoise\n|-damage|p1a: Blastoise|0 fnt\n|faint|p1a: Blastoise\n|\n|upkeep\n|\n|t:|1685109516\n|switch|p1a: Excadrill|Excadrill, L78, F|240/300\n|-ability|p1a: Excadrill|Mold Breaker\n|turn|16\n|\n|t:|1685109521\n|move|p1a: Excadrill|Rock Slide|p2a: Shedinja\n|-supereffective|p2a: Shedinja\n|-enditem|p2a: Shedinja|Focus Sash\n|-damage|p2a: Shedinja|1/1\n|-damage|p1a: Excadrill|210/300|[from] item: Life Orb\n|move|p2a: Shedinja|Swords Dance|p2a: Shedinja\n|-boost|p2a: Shedinja|atk|2\n|\n|upkeep\n|turn|17\n|\n|t:|1685109528\n|move|p1a: Excadrill|Iron Head|p2a: Shedinja\n|-damage|p2a: Shedinja|0 fnt\n|faint|p2a: Shedinja\n|-damage|p1a: Excadrill|180/300|[from] item: Life Orb\n|\n|upkeep\n|\n|t:|1685109540\n|switch|p2a: Corviknight|Corviknight, L78, F|265/281\n|-ability|p2a: Corviknight|Pressure\n|turn|18\n|c|\u2606PrinceOfAllTacos|hopefully g2 is more clean sorry about this one\n|\n|t:|1685109551\n|move|p1a: Excadrill|Swords Dance|p1a: Excadrill\n|-boost|p1a: Excadrill|atk|2\n|move|p2a: Corviknight|Body Press|p1a: Excadrill\n|-supereffective|p1a: Excadrill\n|-damage|p1a: Excadrill|22/300\n|\n|-heal|p2a: Corviknight|281/281|[from] item: Leftovers\n|upkeep\n|turn|19\n|\n|t:|1685109565\n|move|p1a: Excadrill|Rock Slide|p2a: Corviknight\n|-damage|p2a: Corviknight|126/281\n|-damage|p1a: Excadrill|0 fnt|[from] item: Life Orb\n|faint|p1a: Excadrill\n|move|p2a: Corviknight|Body Press|p1: Excadrill|[notarget]\n|-fail|p2a: Corviknight\n|\n|-heal|p2a: Corviknight|143/281|[from] item: Leftovers\n|upkeep\n|\n|t:|1685109568\n|switch|p1a: Heracross|Heracross, L82, F|102/265 brn\n|turn|20\n|c|\u2606Ev_Evan|its k\n|\n|t:|1685109579\n|move|p1a: Heracross|Close Combat|p2a: Corviknight\n|-damage|p2a: Corviknight|0 fnt\n|-unboost|p1a: Heracross|def|1\n|-unboost|p1a: Heracross|spd|1\n|faint|p2a: Corviknight\n|\n|win|PrinceOfAllTacos\n", "inputlog": ">version 61c68e60481ef09071210320730fc448fef50368\n>start {\"formatid\":\"gen8randombattle\",\"seed\":[35762,8491,52718,9414]}\n>player p1 {\"name\":\"PrinceOfAllTacos\",\"avatar\":\"#psplxtournaments\",\"rating\":0,\"seed\":[24770,19640,60754,1411]}\n>player p2 {\"name\":\"Ev_Evan\",\"avatar\":\"volkner\",\"rating\":0,\"seed\":[13151,50671,25441,32980]}\n>chat \u2606PrinceOfAllTacos|gl hf\n>chat \u2606Ev_Evan|glhf\n>chat \u2606Ev_Evan|game1\n>p1 switch 3\n>p2 move closecombat\n>p1 move closecombat\n>p2 switch 4\n>p1 move facade\n>p2 switch 6\n>p1 move knockoff\n>p2 switch 4\n>p1 move closecombat\n>p2 move stoneedge dynamax\n>p2 switch 5\n>p1 move closecombat\n>p2 move icebeam\n>p2 switch 3\n>p1 switch 2\n>p2 move bravebird\n>p1 switch 3\n>p2 switch 4\n>chat \u2606Ev_Evan|this is so bad for me\n>p1 move rockslide\n>p2 switch 6\n>chat \u2606PrinceOfAllTacos|yea these teams are very unfortunate\n>p1 move earthquake\n>p2 move recover\n>p2 switch 2\n>p1 move earthquake\n>p2 move dragondance\n>p1 switch 3\n>p2 move earthquake\n>p1 move bugbuzz\n>p2 move outrage\n>p1 switch 4\n>chat \u2606Ev_Evan|i lose this\n>p1 move shellsmash\n>p2 move outrage\n>p2 switch 6\n>p1 move icebeam dynamax\n>p2 move shadowsneak\n>p1 switch 3\n>p1 move rockslide\n>p2 move swordsdance\n>p1 move ironhead\n>p2 move poltergeist\n>p2 switch 4\n>chat \u2606PrinceOfAllTacos|hopefully g2 is more clean sorry about this one\n>p1 move swordsdance\n>p2 move bodypress\n>p1 move rockslide\n>p2 move bodypress\n>p1 switch 2\n>chat \u2606Ev_Evan|its k\n>p1 move closecombat\n>p2 move bravebird", "uploadtime": 1685109582, "views": 10, "p1id": "princeofalltacos", "p2id": "evevan", "formatid": "gen8randombattle", "rating": 0, "private": 0, "password": ""}