{"id": "gen8randombattle-1872057464", "p1": "mikeyuwu", "p2": "jaidenblasck", "format": "[Gen 8] Random Battle", "log": "|j|\u2606mikeyuwu\n|j|\u2606jaidenblasck\n|t:|1685169909\n|gametype|singles\n|player|p1|mikeyuwu|psychic-gen4|1395\n|player|p2|jaidenblasck|101|1377\n|teamsize|p1|6\n|teamsize|p2|6\n|gen|8\n|tier|[Gen 8] Random Battle\n|rated|\n|rule|Species Clause: Limit one of each Pok\u00e9mon\n|rule|HP Percentage Mod: HP is shown in percentages\n|rule|Sleep Clause Mod: Limit one foe put to sleep\n|\n|t:|1685169909\n|start\n|switch|p1a: Spectrier|Spectrier, L74|270/270\n|switch|p2a: Bouffalant|Bouffalant, L84, M|297/297\n|turn|1\n|inactive|Battle timer is ON: inactive players will automatically lose when time's up. (requested by mikeyuwu)\n|\n|t:|1685169944\n|switch|p1a: Rillaboom|Rillaboom, L78, M|284/284\n|-fieldstart|move: Grassy Terrain|[from] ability: Grassy Surge|[of] p1a: Rillaboom\n|move|p2a: Bouffalant|Earthquake|p1a: Rillaboom\n|-resisted|p1a: Rillaboom\n|-damage|p1a: Rillaboom|262/284\n|\n|-heal|p1a: Rillaboom|279/284|[from] Grassy Terrain\n|upkeep\n|turn|2\n|\n|t:|1685169953\n|switch|p2a: Heracross|Heracross, L82, F|265/265\n|move|p1a: Rillaboom|U-turn|p2a: Heracross\n|-resisted|p2a: Heracross\n|-damage|p2a: Heracross|216/265\n|\n|t:|1685169960\n|switch|p1a: Tornadus|Tornadus, L80, M|258/258|[from] U-turn\n|\n|-heal|p2a: Heracross|232/265|[from] Grassy Terrain\n|-status|p2a: Heracross|brn|[from] item: Flame Orb\n|upkeep\n|turn|3\n|\n|t:|1685169970\n|switch|p2a: Magmortar|Magmortar, L86, M|269/269\n|move|p1a: Tornadus|Heat Wave|p2a: Magmortar\n|-resisted|p2a: Magmortar\n|-damage|p2a: Magmortar|235/269\n|\n|-heal|p2a: Magmortar|251/269|[from] Grassy Terrain\n|upkeep\n|turn|4\n|\n|t:|1685169978\n|switch|p1a: Coalossal|Coalossal, L87, M|333/333\n|move|p2a: Magmortar|Fire Blast|p1a: Coalossal\n|-resisted|p1a: Coalossal\n|-damage|p1a: Coalossal|299/333\n|\n|-heal|p2a: Magmortar|267/269|[from] Grassy Terrain\n|-heal|p1a: Coalossal|319/333|[from] Grassy Terrain\n|upkeep\n|turn|5\n|\n|t:|1685169994\n|move|p2a: Magmortar|Earthquake|p1a: Coalossal\n|-supereffective|p1a: Coalossal\n|-damage|p1a: Coalossal|215/333\n|move|p1a: Coalossal|Stealth Rock|p2a: Magmortar\n|-sidestart|p2: jaidenblasck|move: Stealth Rock\n|\n|-heal|p2a: Magmortar|269/269|[from] Grassy Terrain\n|-heal|p1a: Coalossal|235/333|[from] Grassy Terrain\n|-fieldend|move: Grassy Terrain\n|upkeep\n|turn|6\n|\n|t:|1685170003\n|switch|p1a: Rillaboom|Rillaboom, L78, M|279/284\n|-fieldstart|move: Grassy Terrain|[from] ability: Grassy Surge|[of] p1a: Rillaboom\n|move|p2a: Magmortar|Earthquake|p1a: Rillaboom\n|-resisted|p1a: Rillaboom\n|-damage|p1a: Rillaboom|260/284\n|\n|-heal|p1a: Rillaboom|277/284|[from] Grassy Terrain\n|upkeep\n|turn|7\n|\n|t:|1685170014\n|switch|p1a: Dracozolt|Dracozolt, L78|268/268\n|move|p2a: Magmortar|Fire Blast|p1a: Dracozolt\n|-resisted|p1a: Dracozolt\n|-damage|p1a: Dracozolt|176/268\n|\n|-heal|p1a: Dracozolt|192/268|[from] Grassy Terrain\n|upkeep\n|turn|8\n|\n|t:|1685170025\n|move|p1a: Dracozolt|Outrage|p2a: Magmortar|[miss]\n|-miss|p1a: Dracozolt|p2a: Magmortar\n|move|p2a: Magmortar|Earthquake|p1a: Dracozolt\n|-supereffective|p1a: Dracozolt\n|-damage|p1a: Dracozolt|116/268\n|\n|-heal|p1a: Dracozolt|132/268|[from] Grassy Terrain\n|upkeep\n|turn|9\n|\n|t:|1685170040\n|move|p1a: Dracozolt|Outrage|p2a: Magmortar\n|-damage|p2a: Magmortar|52/269\n|move|p2a: Magmortar|Earthquake|p1a: Dracozolt\n|-supereffective|p1a: Dracozolt\n|-damage|p1a: Dracozolt|52/268\n|\n|-heal|p1a: Dracozolt|68/268|[from] Grassy Terrain\n|-heal|p2a: Magmortar|68/269|[from] Grassy Terrain\n|upkeep\n|turn|10\n|\n|t:|1685170050\n|switch|p2a: Corviknight|Corviknight, L78, M|281/281\n|-damage|p2a: Corviknight|246/281|[from] Stealth Rock\n|move|p1a: Dracozolt|Outrage|p2a: Corviknight|[from]lockedmove\n|-resisted|p2a: Corviknight\n|-damage|p2a: Corviknight|168/281\n|\n|-heal|p1a: Dracozolt|84/268|[from] Grassy Terrain\n|-heal|p2a: Corviknight|185/281|[from] item: Leftovers\n|-fieldend|move: Grassy Terrain\n|upkeep\n|turn|11\n|\n|t:|1685170063\n|move|p1a: Dracozolt|Outrage|p2a: Corviknight|[from]lockedmove\n|-resisted|p2a: Corviknight\n|-damage|p2a: Corviknight|111/281\n|-start|p1a: Dracozolt|confusion|[fatigue]\n|move|p2a: Corviknight|Bulk Up|p2a: Corviknight\n|-boost|p2a: Corviknight|atk|1\n|-boost|p2a: Corviknight|def|1\n|\n|-heal|p2a: Corviknight|128/281|[from] item: Leftovers\n|upkeep\n|turn|12\n|\n|t:|1685170070\n|switch|p1a: Ninetales|Ninetales, L82, M|254/254\n|-weather|SunnyDay|[from] ability: Drought|[of] p1a: Ninetales\n|move|p2a: Corviknight|Roost|p2a: Corviknight\n|-heal|p2a: Corviknight|269/281\n|-singleturn|p2a: Corviknight|move: Roost\n|\n|-weather|SunnyDay|[upkeep]\n|-heal|p2a: Corviknight|281/281|[from] item: Leftovers\n|upkeep\n|turn|13\n|\n|t:|1685170081\n|move|p1a: Ninetales|Nasty Plot|p1a: Ninetales\n|-boost|p1a: Ninetales|spa|2\n|move|p2a: Corviknight|Body Press|p1a: Ninetales\n|-damage|p1a: Ninetales|165/254\n|\n|-weather|SunnyDay|[upkeep]\n|upkeep\n|turn|14\n|\n|t:|1685170086\n|switch|p2a: Magmortar|Magmortar, L86, M|68/269\n|move|p1a: Ninetales|Fire Blast|p2a: Magmortar|[miss]\n|-miss|p1a: Ninetales|p2a: Magmortar\n|\n|-weather|SunnyDay|[upkeep]\n|upkeep\n|turn|15\n|\n|t:|1685170093\n|-start|p1a: Ninetales|Dynamax|\n|-heal|p1a: Ninetales|330/508|[silent]\n|move|p1a: Ninetales|Max Flare|p2a: Magmortar\n|-resisted|p2a: Magmortar\n|-damage|p2a: Magmortar|0 fnt\n|faint|p2a: Magmortar\n|\n|-weather|SunnyDay|[upkeep]\n|upkeep\n|\n|t:|1685170099\n|switch|p2a: Wobbuffet|Wobbuffet, L92, M|499/499\n|-damage|p2a: Wobbuffet|437/499|[from] Stealth Rock\n|turn|16\n|\n|t:|1685170106\n|move|p1a: Ninetales|Max Flare|p2a: Wobbuffet\n|-damage|p2a: Wobbuffet|23/499\n|-enditem|p2a: Wobbuffet|Sitrus Berry|[eat]\n|-heal|p2a: Wobbuffet|147/499|[from] item: Sitrus Berry\n|move|p2a: Wobbuffet|Mirror Coat|p1a: Ninetales\n|-damage|p1a: Ninetales|0 fnt\n|faint|p1a: Ninetales\n|\n|-weather|none\n|upkeep\n|\n|t:|1685170111\n|switch|p1a: Rillaboom|Rillaboom, L78, M|277/284\n|-fieldstart|move: Grassy Terrain|[from] ability: Grassy Surge|[of] p1a: Rillaboom\n|turn|17\n|\n|t:|1685170116\n|move|p1a: Rillaboom|Grassy Glide|p2a: Wobbuffet\n|-damage|p2a: Wobbuffet|0 fnt\n|faint|p2a: Wobbuffet\n|\n|-heal|p1a: Rillaboom|284/284|[from] Grassy Terrain\n|upkeep\n|\n|t:|1685170126\n|switch|p2a: Corviknight|Corviknight, L78, M|281/281\n|-damage|p2a: Corviknight|246/281|[from] Stealth Rock\n|turn|18\n|\n|t:|1685170130\n|switch|p1a: Spectrier|Spectrier, L74|270/270\n|move|p2a: Corviknight|Bulk Up|p2a: Corviknight\n|-boost|p2a: Corviknight|atk|1\n|-boost|p2a: Corviknight|def|1\n|\n|-heal|p2a: Corviknight|263/281|[from] item: Leftovers\n|upkeep\n|turn|19\n|\n|t:|1685170138\n|move|p1a: Spectrier|Substitute|p1a: Spectrier\n|-start|p1a: Spectrier|Substitute\n|-damage|p1a: Spectrier|203/270\n|move|p2a: Corviknight|Brave Bird|p1a: Spectrier\n|-end|p1a: Spectrier|Substitute\n|-damage|p2a: Corviknight|241/281|[from] Recoil|[of] p1a: Spectrier\n|\n|-heal|p1a: Spectrier|219/270|[from] Grassy Terrain\n|-heal|p1a: Spectrier|235/270|[from] item: Leftovers\n|-heal|p2a: Corviknight|258/281|[from] item: Leftovers\n|upkeep\n|turn|20\n|\n|t:|1685170148\n|switch|p1a: Coalossal|Coalossal, L87, M|235/333\n|move|p2a: Corviknight|Brave Bird|p1a: Coalossal\n|-resisted|p1a: Coalossal\n|-damage|p1a: Coalossal|181/333\n|-status|p2a: Corviknight|brn|[from] ability: Flame Body|[of] p1a: Coalossal\n|-damage|p2a: Corviknight|240/281 brn|[from] Recoil\n|\n|-heal|p2a: Corviknight|257/281 brn|[from] item: Leftovers\n|-heal|p1a: Coalossal|201/333|[from] Grassy Terrain\n|-damage|p2a: Corviknight|240/281 brn|[from] brn\n|upkeep\n|turn|21\n|\n|t:|1685170155\n|switch|p1a: Spectrier|Spectrier, L74|235/270\n|move|p2a: Corviknight|Body Press|p1a: Spectrier\n|-immune|p1a: Spectrier\n|\n|-heal|p1a: Spectrier|251/270|[from] Grassy Terrain\n|-heal|p1a: Spectrier|267/270|[from] item: Leftovers\n|-heal|p2a: Corviknight|257/281 brn|[from] item: Leftovers\n|-damage|p2a: Corviknight|240/281 brn|[from] brn\n|-fieldend|move: Grassy Terrain\n|upkeep\n|turn|22\n|\n|t:|1685170163\n|move|p1a: Spectrier|Substitute|p1a: Spectrier\n|-start|p1a: Spectrier|Substitute\n|-damage|p1a: Spectrier|200/270\n|move|p2a: Corviknight|Brave Bird|p1a: Spectrier\n|-end|p1a: Spectrier|Substitute\n|-damage|p2a: Corviknight|218/281 brn|[from] Recoil|[of] p1a: Spectrier\n|\n|-heal|p1a: Spectrier|216/270|[from] item: Leftovers\n|-heal|p2a: Corviknight|235/281 brn|[from] item: Leftovers\n|-damage|p2a: Corviknight|218/281 brn|[from] brn\n|upkeep\n|turn|23\n|\n|t:|1685170173\n|switch|p1a: Tornadus|Tornadus, L80, M|258/258\n|move|p2a: Corviknight|Brave Bird|p1a: Tornadus\n|-damage|p1a: Tornadus|166/258\n|-damage|p2a: Corviknight|188/281 brn|[from] Recoil\n|\n|-heal|p2a: Corviknight|205/281 brn|[from] item: Leftovers\n|-damage|p2a: Corviknight|188/281 brn|[from] brn\n|upkeep\n|turn|24\n|\n|t:|1685170178\n|move|p1a: Tornadus|Heat Wave|p2a: Corviknight\n|-supereffective|p2a: Corviknight\n|-damage|p2a: Corviknight|20/281 brn\n|move|p2a: Corviknight|Brave Bird|p1a: Tornadus\n|-damage|p1a: Tornadus|71/258\n|-damage|p2a: Corviknight|0 fnt|[from] Recoil\n|faint|p2a: Corviknight\n|\n|upkeep\n|\n|t:|1685170195\n|switch|p2a: Articuno|Articuno-Galar, L80|275/275\n|turn|25\n|\n|t:|1685170209\n|move|p1a: Tornadus|Hurricane|p2a: Articuno\n|-damage|p2a: Articuno|151/275\n|move|p2a: Articuno|Freezing Glare|p1a: Tornadus\n|-damage|p1a: Tornadus|0 fnt\n|faint|p1a: Tornadus\n|\n|upkeep\n|\n|t:|1685170214\n|switch|p1a: Spectrier|Spectrier, L74|216/270\n|turn|26\n|\n|t:|1685170222\n|move|p1a: Spectrier|Substitute|p1a: Spectrier\n|-start|p1a: Spectrier|Substitute\n|-damage|p1a: Spectrier|149/270\n|move|p2a: Articuno|Air Slash|p1a: Spectrier\n|-end|p1a: Spectrier|Substitute\n|\n|-heal|p1a: Spectrier|165/270|[from] item: Leftovers\n|upkeep\n|turn|27\n|\n|t:|1685170227\n|move|p1a: Spectrier|Shadow Ball|p2a: Articuno\n|-supereffective|p2a: Articuno\n|-damage|p2a: Articuno|0 fnt\n|faint|p2a: Articuno\n|-ability|p1a: Spectrier|Grim Neigh|boost\n|-boost|p1a: Spectrier|spa|1\n|\n|-heal|p1a: Spectrier|181/270|[from] item: Leftovers\n|upkeep\n|\n|t:|1685170234\n|switch|p2a: Heracross|Heracross, L82, F|232/265 brn\n|-damage|p2a: Heracross|199/265 brn|[from] Stealth Rock\n|turn|28\n|\n|t:|1685170238\n|move|p1a: Spectrier|Substitute|p1a: Spectrier\n|-start|p1a: Spectrier|Substitute\n|-damage|p1a: Spectrier|114/270\n|move|p2a: Heracross|Knock Off|p1a: Spectrier\n|-supereffective|p1a: Spectrier\n|-end|p1a: Spectrier|Substitute\n|\n|-heal|p1a: Spectrier|130/270|[from] item: Leftovers\n|-damage|p2a: Heracross|183/265 brn|[from] brn\n|upkeep\n|turn|29\n|\n|t:|1685170246\n|move|p1a: Spectrier|Dark Pulse|p2a: Heracross\n|-resisted|p2a: Heracross\n|-damage|p2a: Heracross|139/265 brn\n|move|p2a: Heracross|Knock Off|p1a: Spectrier\n|-supereffective|p1a: Spectrier\n|-damage|p1a: Spectrier|0 fnt\n|-enditem|p1a: Spectrier|Leftovers|[from] move: Knock Off|[of] p2a: Heracross\n|faint|p1a: Spectrier\n|\n|-damage|p2a: Heracross|123/265 brn|[from] brn\n|upkeep\n|\n|t:|1685170252\n|switch|p1a: Rillaboom|Rillaboom, L78, M|284/284\n|-fieldstart|move: Grassy Terrain|[from] ability: Grassy Surge|[of] p1a: Rillaboom\n|turn|30\n|\n|t:|1685170266\n|-start|p2a: Heracross|Dynamax|\n|-heal|p2a: Heracross|246/530 brn|[silent]\n|move|p2a: Heracross|Max Knuckle|p1a: Rillaboom\n|-damage|p1a: Rillaboom|107/284\n|-boost|p2a: Heracross|atk|1\n|move|p1a: Rillaboom|U-turn|p2a: Heracross\n|-resisted|p2a: Heracross\n|-damage|p2a: Heracross|202/530 brn\n|\n|t:|1685170274\n|switch|p1a: Dracozolt|Dracozolt, L78|84/268|[from] U-turn\n|\n|-heal|p1a: Dracozolt|100/268|[from] Grassy Terrain\n|-heal|p2a: Heracross|218/530 brn|[from] Grassy Terrain\n|-damage|p2a: Heracross|202/530 brn|[from] brn\n|upkeep\n|turn|31\n|\n|t:|1685170279\n|move|p1a: Dracozolt|Aerial Ace|p2a: Heracross\n|-supereffective|p2a: Heracross\n|-damage|p2a: Heracross|0 fnt\n|faint|p2a: Heracross\n|\n|-heal|p1a: Dracozolt|116/268|[from] Grassy Terrain\n|upkeep\n|\n|t:|1685170283\n|switch|p2a: Bouffalant|Bouffalant, L84, M|297/297\n|-damage|p2a: Bouffalant|260/297|[from] Stealth Rock\n|turn|32\n|\n|t:|1685170293\n|move|p1a: Dracozolt|Aerial Ace|p2a: Bouffalant\n|-damage|p2a: Bouffalant|204/297\n|move|p2a: Bouffalant|Close Combat|p1a: Dracozolt\n|-damage|p1a: Dracozolt|21/268\n|-unboost|p2a: Bouffalant|def|1\n|-unboost|p2a: Bouffalant|spd|1\n|\n|-heal|p1a: Dracozolt|37/268|[from] Grassy Terrain\n|-heal|p2a: Bouffalant|222/297|[from] Grassy Terrain\n|-heal|p2a: Bouffalant|240/297|[from] item: Leftovers\n|upkeep\n|turn|33\n|c|\u2606mikeyuwu|Gg\n|c|\u2606mikeyuwu|Long match, ypu love to see it\n|\n|t:|1685170303\n|move|p1a: Dracozolt|Aerial Ace|p2a: Bouffalant\n|-damage|p2a: Bouffalant|155/297\n|move|p2a: Bouffalant|Head Charge|p1a: Dracozolt\n|-damage|p1a: Dracozolt|0 fnt\n|faint|p1a: Dracozolt\n|-damage|p2a: Bouffalant|146/297|[from] Recoil\n|\n|-heal|p2a: Bouffalant|164/297|[from] Grassy Terrain\n|-heal|p2a: Bouffalant|182/297|[from] item: Leftovers\n|upkeep\n|\n|t:|1685170306\n|switch|p1a: Rillaboom|Rillaboom, L78, M|107/284\n|turn|34\n|\n|t:|1685170311\n|move|p1a: Rillaboom|Wood Hammer|p2a: Bouffalant\n|-damage|p2a: Bouffalant|0 fnt\n|faint|p2a: Bouffalant\n|-damage|p1a: Rillaboom|47/284|[from] Recoil\n|\n|win|mikeyuwu\n|raw|mikeyuwu's rating: 1395 &rarr; <strong>1414</strong><br />(+19 for winning)\n|raw|jaidenblasck's rating: 1377 &rarr; <strong>1358</strong><br />(-19 for losing)\n|l|\u2606jaidenblasck\n", "inputlog": ">version d74822bbc74c095aa312053f7034baee3068d99e\n>start {\"formatid\":\"gen8randombattle\",\"seed\":[41685,63284,38813,25676],\"rated\":\"Rated battle\"}\n>player p1 {\"name\":\"mikeyuwu\",\"avatar\":\"psychic-gen4\",\"rating\":1395,\"seed\":[10243,47238,63758,48998]}\n>player p2 {\"name\":\"jaidenblasck\",\"avatar\":\"101\",\"rating\":1377,\"seed\":[60428,21015,21112,38950]}\n>p1 switch 3\n>p2 move earthquake\n>p1 move uturn\n>p2 switch 2\n>p1 switch 5\n>p1 move heatwave\n>p2 switch 3\n>p1 switch 4\n>p2 move fireblast\n>p1 move stealthrock\n>p2 move earthquake\n>p1 switch 5\n>p2 move earthquake\n>p1 switch 6\n>p2 move fireblast\n>p1 move outrage\n>p2 move earthquake\n>p1 move outrage\n>p2 move earthquake\n>p1 move outrage\n>p2 switch 6\n>p1 move outrage\n>p2 move bulkup\n>p1 switch 2\n>p2 move roost\n>p1 move nastyplot\n>p2 move bodypress\n>p1 move fireblast\n>p2 switch 6\n>p1 move fireblast dynamax\n>p2 move earthquake\n>p2 switch 5\n>p1 move fireblast dynamax\n>p2 move mirrorcoat\n>p1 switch 6\n>p1 move grassyglide\n>p2 move charm\n>p2 switch 6\n>p1 switch 3\n>p2 move bulkup\n>p1 move substitute\n>p2 move bravebird\n>p1 switch 5\n>p2 move bravebird\n>p1 switch 5\n>p2 move bodypress\n>p1 move substitute\n>p2 move bravebird\n>p1 switch 4\n>p2 move bravebird\n>p1 move heatwave\n>p2 move bravebird\n>p2 switch 4\n>p1 move hurricane\n>p2 move freezingglare\n>p1 switch 4\n>p1 move substitute\n>p2 move airslash\n>p1 move shadowball\n>p2 move freezingglare\n>p2 switch 3\n>p1 move substitute\n>p2 move knockoff\n>p1 move darkpulse\n>p2 move knockoff\n>p1 switch 3\n>p1 move uturn\n>p2 move closecombat dynamax\n>p1 switch 2\n>p1 move aerialace\n>p2 move closecombat dynamax\n>p2 switch 2\n>p1 move aerialace\n>p2 move closecombat\n>chat \u2606mikeyuwu|Gg\n>chat \u2606mikeyuwu|Long match, ypu love to see it\n>p1 move aerialace\n>p2 move headcharge\n>p1 switch 2\n>p1 move woodhammer\n>p2 move headcharge", "uploadtime": 1685170325, "views": 11, "p1id": "mikeyuwu", "p2id": "jaidenblasck", "formatid": "gen8randombattle", "rating": 1358, "private": 0, "password": ""}