|j|☆Darkrai1717
|j|☆Drak4y
|t:|1685299863
|gametype|singles
|player|p1|Darkrai1717|265|
|player|p2|Drak4y|scientistf|
|teamsize|p1|6
|teamsize|p2|6
|gen|8
|tier|[Gen 8] Random Battle
|rule|Species Clause: Limit one of each Pokémon
|rule|HP Percentage Mod: HP is shown in percentages
|rule|Sleep Clause Mod: Limit one foe put to sleep
|
|t:|1685299863
|start
|switch|p1a: Buzzwole|Buzzwole, L77|291/291
|switch|p2a: Kommo-o|Kommo-o, L80, F|251/251
|turn|1
|c|☆Drak4y|Ptsd of kommo-o overworld fixing...
|j| Iamsleep
|c| Iamsleep|good luck
|c|☆Darkrai1717|gl hf
|
|t:|1685299975
|switch|p2a: Darmanitan|Darmanitan, L80, M|299/299
|move|p1a: Buzzwole|Stone Edge|p2a: Darmanitan
|-supereffective|p2a: Darmanitan
|-damage|p2a: Darmanitan|67/299
|
|upkeep
|turn|2
|
|t:|1685299988
|move|p1a: Buzzwole|Stone Edge|p2a: Darmanitan
|-supereffective|p2a: Darmanitan
|-damage|p2a: Darmanitan|0 fnt
|faint|p2a: Darmanitan
|-ability|p1a: Buzzwole|Beast Boost|boost
|-boost|p1a: Buzzwole|atk|1
|
|upkeep
|
|t:|1685299999
|switch|p2a: Rapidash|Rapidash-Galar, L84, M|246/246
|turn|3
|
|t:|1685300017
|move|p1a: Buzzwole|Stone Edge|p2a: Rapidash
|-damage|p2a: Rapidash|114/246
|move|p2a: Rapidash|Zen Headbutt|p1a: Buzzwole
|-supereffective|p1a: Buzzwole
|-damage|p1a: Buzzwole|159/291
|
|-heal|p2a: Rapidash|129/246|[from] item: Leftovers
|upkeep
|turn|4
|
|t:|1685300043
|move|p1a: Buzzwole|Stone Edge|p2a: Rapidash
|-damage|p2a: Rapidash|0 fnt
|faint|p2a: Rapidash
|-ability|p1a: Buzzwole|Beast Boost|boost
|-boost|p1a: Buzzwole|atk|1
|
|upkeep
|
|t:|1685300051
|switch|p2a: Mawile|Mawile, L86, F|226/226
|turn|5
|
|t:|1685300056
|move|p1a: Buzzwole|Stone Edge|p2a: Mawile
|-resisted|p2a: Mawile
|-damage|p2a: Mawile|141/226
|move|p2a: Mawile|Play Rough|p1a: Buzzwole
|-supereffective|p1a: Buzzwole
|-damage|p1a: Buzzwole|0 fnt
|faint|p1a: Buzzwole
|
|upkeep
|c|☆Darkrai1717|unfortunate
|
|t:|1685300076
|switch|p1a: Marowak|Marowak, L86, M|243/243
|turn|6
|
|t:|1685300120
|move|p2a: Mawile|Iron Head|p1a: Marowak
|-damage|p1a: Marowak|136/243
|move|p1a: Marowak|Swords Dance|p1a: Marowak
|-boost|p1a: Marowak|atk|2
|
|upkeep
|turn|7
|
|t:|1685300129
|move|p2a: Mawile|Iron Head|p1a: Marowak
|-damage|p1a: Marowak|15/243
|move|p1a: Marowak|Earthquake|p2a: Mawile
|-supereffective|p2a: Mawile
|-damage|p2a: Mawile|0 fnt
|faint|p2a: Mawile
|
|upkeep
|
|t:|1685300140
|switch|p2a: Corsola|Corsola-Galar, L84, F|238/238
|turn|8
|
|t:|1685300180
|move|p1a: Marowak|Knock Off|p2a: Corsola
|-supereffective|p2a: Corsola
|-damage|p2a: Corsola|0 fnt
|-start|p1a: Marowak|Disable|Knock Off|[from] ability: Cursed Body|[of] p2a: Corsola
|-enditem|p2a: Corsola|Eviolite|[from] move: Knock Off|[of] p1a: Marowak
|faint|p2a: Corsola
|
|upkeep
|
|t:|1685300188
|switch|p2a: Mewtwo|Mewtwo, L72|272/272
|-ability|p2a: Mewtwo|Unnerve
|turn|9
|
|t:|1685300203
|move|p2a: Mewtwo|Shadow Ball|p1a: Marowak
|-damage|p1a: Marowak|0 fnt
|faint|p1a: Marowak
|
|upkeep
|
|t:|1685300227
|switch|p1a: Beheeyem|Beheeyem, L86, M|269/269
|turn|10
|j| 5attab
|
|t:|1685300251
|move|p2a: Mewtwo|Psystrike|p1a: Beheeyem
|-resisted|p1a: Beheeyem
|-crit|p1a: Beheeyem
|-damage|p1a: Beheeyem|170/269
|move|p1a: Beheeyem|Trick Room|p1a: Beheeyem
|-fieldstart|move: Trick Room|[of] p1a: Beheeyem
|
|upkeep
|turn|11
|
|t:|1685300267
|move|p1a: Beheeyem|Shadow Ball|p2a: Mewtwo
|-supereffective|p2a: Mewtwo
|-damage|p2a: Mewtwo|59/272
|-unboost|p2a: Mewtwo|spd|1
|-damage|p1a: Beheeyem|144/269|[from] item: Life Orb
|move|p2a: Mewtwo|Shadow Ball|p1a: Beheeyem
|-supereffective|p1a: Beheeyem
|-damage|p1a: Beheeyem|38/269
|
|-heal|p2a: Mewtwo|76/272|[from] item: Leftovers
|upkeep
|turn|12
|
|t:|1685300280
|move|p1a: Beheeyem|Shadow Ball|p2a: Mewtwo
|-supereffective|p2a: Mewtwo
|-damage|p2a: Mewtwo|0 fnt
|faint|p2a: Mewtwo
|-damage|p1a: Beheeyem|12/269|[from] item: Life Orb
|
|upkeep
|c| 5attab|alien vs akien
|
|t:|1685300287
|switch|p2a: Kommo-o|Kommo-o, L80, F|251/251
|turn|13
|
|t:|1685300299
|move|p1a: Beheeyem|Psychic|p2a: Kommo-o
|-supereffective|p2a: Kommo-o
|-damage|p2a: Kommo-o|0 fnt
|faint|p2a: Kommo-o
|-damage|p1a: Beheeyem|0 fnt|[from] item: Life Orb
|faint|p1a: Beheeyem
|
|win|Darkrai1717
|c|☆Darkrai1717|GG
|c| Iamsleep|gg
