|j|☆brofrfr
|j|☆Belzubub
|t:|1685134002
|gametype|singles
|player|p1|brofrfr|n|1170
|player|p2|Belzubub|byron|1230
|teamsize|p1|6
|teamsize|p2|6
|gen|8
|tier|[Gen 8] Random Battle
|rated|
|rule|Species Clause: Limit one of each Pokémon
|rule|HP Percentage Mod: HP is shown in percentages
|rule|Sleep Clause Mod: Limit one foe put to sleep
|
|t:|1685134002
|start
|switch|p1a: Darmanitan|Darmanitan, L80, F|299/299
|switch|p2a: Necrozma|Necrozma, L80|286/286
|turn|1
|inactive|Battle timer is ON: inactive players will automatically lose when time's up. (requested by Belzubub)
|inactive|brofrfr also wants the timer to be on.
|
|t:|1685134018
|switch|p2a: Tentacruel|Tentacruel, L84, M|272/272
|move|p1a: Darmanitan|U-turn|p2a: Tentacruel
|-resisted|p2a: Tentacruel
|-damage|p2a: Tentacruel|225/272
|-damage|p1a: Darmanitan|270/299|[from] item: Life Orb
|
|t:|1685134030
|switch|p1a: Mew|Mew, L80|291/291|[from] U-turn
|
|-heal|p2a: Tentacruel|242/272|[from] item: Black Sludge
|upkeep
|turn|2
|
|t:|1685134047
|switch|p2a: Necrozma|Necrozma, L80|286/286
|move|p1a: Mew|Dragon Dance|p1a: Mew
|-boost|p1a: Mew|atk|1
|-boost|p1a: Mew|spe|1
|
|upkeep
|turn|3
|
|t:|1685134053
|move|p1a: Mew|Psychic Fangs|p2a: Necrozma
|-resisted|p2a: Necrozma
|-damage|p2a: Necrozma|223/286
|move|p2a: Necrozma|Calm Mind|p2a: Necrozma
|-boost|p2a: Necrozma|spa|1
|-boost|p2a: Necrozma|spd|1
|
|-heal|p2a: Necrozma|240/286|[from] item: Leftovers
|upkeep
|turn|4
|
|t:|1685134058
|move|p1a: Mew|Dragon Dance|p1a: Mew
|-boost|p1a: Mew|atk|1
|-boost|p1a: Mew|spe|1
|move|p2a: Necrozma|Calm Mind|p2a: Necrozma
|-boost|p2a: Necrozma|spa|1
|-boost|p2a: Necrozma|spd|1
|
|-heal|p2a: Necrozma|257/286|[from] item: Leftovers
|upkeep
|turn|5
|
|t:|1685134062
|move|p1a: Mew|Dragon Dance|p1a: Mew
|-boost|p1a: Mew|atk|1
|-boost|p1a: Mew|spe|1
|move|p2a: Necrozma|Heat Wave|p1a: Mew
|-damage|p1a: Mew|141/291
|-status|p1a: Mew|brn
|-activate|p1a: Mew|ability: Synchronize
|-status|p2a: Necrozma|brn
|-enditem|p1a: Mew|Lum Berry|[eat]
|-curestatus|p1a: Mew|brn|[msg]
|
|-heal|p2a: Necrozma|274/286 brn|[from] item: Leftovers
|-damage|p2a: Necrozma|257/286 brn|[from] brn
|upkeep
|turn|6
|
|t:|1685134073
|move|p1a: Mew|Flare Blitz|p2a: Necrozma
|-damage|p2a: Necrozma|76/286 brn
|-damage|p1a: Mew|81/291|[from] Recoil
|move|p2a: Necrozma|Calm Mind|p2a: Necrozma
|-boost|p2a: Necrozma|spa|1
|-boost|p2a: Necrozma|spd|1
|
|-heal|p2a: Necrozma|93/286 brn|[from] item: Leftovers
|-damage|p2a: Necrozma|76/286 brn|[from] brn
|upkeep
|turn|7
|
|t:|1685134078
|move|p1a: Mew|Flare Blitz|p2a: Necrozma
|-damage|p2a: Necrozma|0 fnt
|faint|p2a: Necrozma
|-damage|p1a: Mew|56/291|[from] Recoil
|
|upkeep
|
|t:|1685134085
|switch|p2a: Tentacruel|Tentacruel, L84, M|242/272
|turn|8
|
|t:|1685134091
|move|p1a: Mew|Psychic Fangs|p2a: Tentacruel
|-supereffective|p2a: Tentacruel
|-damage|p2a: Tentacruel|0 fnt
|faint|p2a: Tentacruel
|
|upkeep
|
|t:|1685134097
|switch|p2a: Kartana|Kartana, L74|209/209
|turn|9
|
|t:|1685134112
|switch|p2a: Vaporeon|Vaporeon, L84, M|356/356
|move|p1a: Mew|Flare Blitz|p2a: Vaporeon
|-resisted|p2a: Vaporeon
|-damage|p2a: Vaporeon|214/356
|-damage|p1a: Mew|9/291|[from] Recoil
|
|-heal|p2a: Vaporeon|236/356|[from] item: Leftovers
|upkeep
|turn|10
|
|t:|1685134122
|move|p2a: Vaporeon|Protect|p2a: Vaporeon
|-singleturn|p2a: Vaporeon|Protect
|move|p1a: Mew|Close Combat|p2a: Vaporeon
|-activate|p2a: Vaporeon|move: Protect
|
|-heal|p2a: Vaporeon|258/356|[from] item: Leftovers
|upkeep
|turn|11
|
|t:|1685134131
|move|p1a: Mew|Close Combat|p2a: Vaporeon
|-damage|p2a: Vaporeon|17/356
|-unboost|p1a: Mew|def|1
|-unboost|p1a: Mew|spd|1
|move|p2a: Vaporeon|Wish|p2a: Vaporeon
|
|-heal|p2a: Vaporeon|39/356|[from] item: Leftovers
|upkeep
|turn|12
|
|t:|1685134141
|move|p2a: Vaporeon|Protect|p2a: Vaporeon
|-singleturn|p2a: Vaporeon|Protect
|move|p1a: Mew|Dragon Dance|p1a: Mew
|-boost|p1a: Mew|atk|1
|-boost|p1a: Mew|spe|1
|
|-heal|p2a: Vaporeon|217/356|[from] move: Wish|[wisher] Vaporeon
|-heal|p2a: Vaporeon|239/356|[from] item: Leftovers
|upkeep
|turn|13
|
|t:|1685134147
|move|p1a: Mew|Close Combat|p2a: Vaporeon
|-damage|p2a: Vaporeon|0 fnt
|-unboost|p1a: Mew|def|1
|-unboost|p1a: Mew|spd|1
|faint|p2a: Vaporeon
|
|upkeep
|
|t:|1685134154
|switch|p2a: Morpeko|Morpeko, L86, F|240/240
|turn|14
|
|t:|1685134165
|move|p1a: Mew|Close Combat|p2a: Morpeko
|-supereffective|p2a: Morpeko
|-damage|p2a: Morpeko|0 fnt
|-unboost|p1a: Mew|def|1
|-unboost|p1a: Mew|spd|1
|faint|p2a: Morpeko
|
|upkeep
|
|t:|1685134169
|switch|p2a: Exeggutor|Exeggutor, L86, M|304/304
|turn|15
|
|t:|1685134175
|move|p1a: Mew|Flare Blitz|p2a: Exeggutor
|-supereffective|p2a: Exeggutor
|-damage|p2a: Exeggutor|0 fnt
|faint|p2a: Exeggutor
|-damage|p1a: Mew|0 fnt|[from] Recoil
|faint|p1a: Mew
|
|upkeep
|
|t:|1685134178
|switch|p1a: Centiskorch|Centiskorch, L84, M|305/305
|switch|p2a: Kartana|Kartana, L74|209/209
|turn|16
|
|t:|1685134186
|-start|p1a: Centiskorch|Dynamax|
|-heal|p1a: Centiskorch|610/610|[silent]
|move|p2a: Kartana|Swords Dance|p2a: Kartana
|-boost|p2a: Kartana|atk|2
|move|p1a: Centiskorch|Max Flare|p2a: Kartana
|-supereffective|p2a: Kartana
|-damage|p2a: Kartana|0 fnt
|-weather|SunnyDay
|faint|p2a: Kartana
|
|win|brofrfr
|raw|brofrfr's rating: 1170 &rarr; <strong>1199</strong><br />(+29 for winning)
|raw|Belzubub's rating: 1230 &rarr; <strong>1201</strong><br />(-29 for losing)
|c|☆Belzubub|gg
