{"id": "gen8randombattle-1873340057", "p1": "bodi 69", "p2": "Skyrack", "format": "[Gen 8] Random Battle", "log": "|j|\u2606bodi 69\n|j|\u2606Skyrack\n|t:|1685365560\n|gametype|singles\n|player|p1|bodi 69|leon|\n|player|p2|Skyrack|ethan|\n|teamsize|p1|6\n|teamsize|p2|6\n|gen|8\n|tier|[Gen 8] Random Battle\n|rule|Species Clause: Limit one of each Pok\u00e9mon\n|rule|HP Percentage Mod: HP is shown in percentages\n|rule|Sleep Clause Mod: Limit one foe put to sleep\n|\n|t:|1685365560\n|start\n|switch|p1a: Regirock|Regirock, L85|275/275\n|switch|p2a: Barbaracle|Barbaracle, L80, M|246/246\n|turn|1\n|inactive|Battle timer is ON: inactive players will automatically lose when time's up. (requested by bodi 69)\n|inactive|Skyrack also wants the timer to be on.\n|j| Wubben\n|j| Trefleuh\n|j|+Chains of Markov\n|j| 35Q71N\n|inactive|bodi 69 has 270 seconds left.\n|\n|t:|1685365594\n|switch|p2a: Milotic|Milotic, L82, F|290/290\n|move|p1a: Regirock|Curse|p1a: Regirock\n|-unboost|p1a: Regirock|spe|1\n|-boost|p1a: Regirock|atk|1\n|-boost|p1a: Regirock|def|1\n|\n|upkeep\n|turn|2\n|j| Lrogue \u2740\n|\n|t:|1685365608\n|move|p2a: Milotic|Scald|p1a: Regirock\n|-supereffective|p1a: Regirock\n|-crit|p1a: Regirock\n|-damage|p1a: Regirock|65/275\n|move|p1a: Regirock|Rock Slide|p2a: Milotic\n|-damage|p2a: Milotic|140/290\n|\n|-heal|p2a: Milotic|158/290|[from] item: Leftovers\n|upkeep\n|turn|3\n|\n|t:|1685365614\n|move|p2a: Milotic|Scald|p1a: Regirock\n|-supereffective|p1a: Regirock\n|-damage|p1a: Regirock|0 fnt\n|faint|p1a: Regirock\n|\n|-heal|p2a: Milotic|176/290|[from] item: Leftovers\n|upkeep\n|\n|t:|1685365618\n|switch|p1a: Mr. Mime|Mr. Mime-Galar, L86, M|226/226\n|turn|4\n|\n|t:|1685365640\n|switch|p2a: Arctozolt|Arctozolt, L86|295/295\n|move|p1a: Mr. Mime|Nasty Plot|p1a: Mr. Mime\n|-boost|p1a: Mr. Mime|spa|2\n|\n|upkeep\n|turn|5\n|\n|t:|1685365652\n|move|p1a: Mr. Mime|Focus Blast|p2a: Arctozolt\n|-supereffective|p2a: Arctozolt\n|-damage|p2a: Arctozolt|75/295\n|move|p2a: Arctozolt|Bolt Beak|p1a: Mr. Mime\n|-damage|p1a: Mr. Mime|141/226\n|\n|upkeep\n|turn|6\n|\n|t:|1685365661\n|move|p1a: Mr. Mime|Psychic|p2a: Arctozolt\n|-damage|p2a: Arctozolt|0 fnt\n|faint|p2a: Arctozolt\n|\n|upkeep\n|c|\u2606bodi 69|wow focus blast hit\n|\n|t:|1685365676\n|switch|p2a: Ninjask|Ninjask, L86, M|245/245\n|turn|7\n|\n|t:|1685365686\n|-start|p1a: Mr. Mime|Dynamax|\n|-heal|p1a: Mr. Mime|282/452|[silent]\n|move|p2a: Ninjask|Leech Life|p1a: Mr. Mime\n|-supereffective|p1a: Mr. Mime\n|-damage|p1a: Mr. Mime|150/452\n|move|p1a: Mr. Mime|Max Hailstorm|p2a: Ninjask\n|-supereffective|p2a: Ninjask\n|-damage|p2a: Ninjask|0 fnt\n|-weather|Hail\n|faint|p2a: Ninjask\n|\n|-weather|Hail|[upkeep]\n|upkeep\n|\n|t:|1685365708\n|switch|p2a: Barbaracle|Barbaracle, L80, M|246/246\n|turn|8\n|\n|t:|1685365721\n|-start|p2a: Barbaracle|Dynamax|\n|-heal|p2a: Barbaracle|492/492|[silent]\n|move|p1a: Mr. Mime|Max Mindstorm|p2a: Barbaracle\n|-damage|p2a: Barbaracle|224/492\n|-fieldstart|move: Psychic Terrain\n|move|p2a: Barbaracle|Max Rockfall|p1a: Mr. Mime\n|-supereffective|p1a: Mr. Mime\n|-damage|p1a: Mr. Mime|0 fnt\n|-weather|Sandstorm\n|faint|p1a: Mr. Mime\n|\n|-weather|Sandstorm|[upkeep]\n|upkeep\n|j| GominaAlatrae\n|inactive|bodi 69 has 270 seconds left.\n|\n|t:|1685365750\n|switch|p1a: Rotom|Rotom-Fan, L84|221/221\n|turn|9\n|\n|t:|1685365766\n|move|p1a: Rotom|Volt Switch|p2a: Barbaracle\n|-supereffective|p2a: Barbaracle\n|-damage|p2a: Barbaracle|104/492\n|\n|t:|1685365779\n|switch|p1a: Giratina|Giratina, L74|344/344|[from] Volt Switch\n|-ability|p1a: Giratina|Pressure\n|move|p2a: Barbaracle|Max Rockfall|p1a: Giratina\n|-damage|p1a: Giratina|233/344\n|\n|-weather|Sandstorm|[upkeep]\n|-damage|p1a: Giratina|212/344|[from] Sandstorm\n|-heal|p1a: Giratina|233/344|[from] item: Leftovers\n|upkeep\n|turn|10\n|inactive|bodi 69 has 270 seconds left.\n|l| GominaAlatrae\n|j| RealMiwa\n|\n|t:|1685365808\n|-end|p2a: Barbaracle|Dynamax\n|-heal|p2a: Barbaracle|52/246|[silent]\n|switch|p2a: Porygon2|Porygon2, L82|274/274\n|-ability|p2a: Porygon2|Download|boost\n|-boost|p2a: Porygon2|spa|1\n|move|p1a: Giratina|Toxic|p2a: Porygon2\n|-status|p2a: Porygon2|tox\n|\n|-weather|Sandstorm|[upkeep]\n|-damage|p1a: Giratina|212/344|[from] Sandstorm\n|-damage|p2a: Porygon2|257/274 tox|[from] Sandstorm\n|-heal|p1a: Giratina|233/344|[from] item: Leftovers\n|-damage|p2a: Porygon2|240/274 tox|[from] psn\n|upkeep\n|turn|11\n|c|\u2606bodi 69|yeah\n|\n|t:|1685365828\n|move|p1a: Giratina|Hex|p2a: Porygon2\n|-immune|p2a: Porygon2\n|move|p2a: Porygon2|Ice Beam|p1a: Giratina\n|-supereffective|p1a: Giratina\n|-damage|p1a: Giratina|51/344\n|\n|-weather|Sandstorm|[upkeep]\n|-damage|p1a: Giratina|30/344|[from] Sandstorm\n|-damage|p2a: Porygon2|223/274 tox|[from] Sandstorm\n|-heal|p1a: Giratina|51/344|[from] item: Leftovers\n|-damage|p2a: Porygon2|189/274 tox|[from] psn\n|upkeep\n|turn|12\n|\n|t:|1685365834\n|switch|p1a: Bisharp|Bisharp, L80, M|235/235\n|move|p2a: Porygon2|Ice Beam|p1a: Bisharp\n|-resisted|p1a: Bisharp\n|-damage|p1a: Bisharp|181/235\n|\n|-weather|none\n|-damage|p2a: Porygon2|138/274 tox|[from] psn\n|-fieldend|move: Psychic Terrain\n|upkeep\n|turn|13\n|\n|t:|1685365838\n|move|p1a: Bisharp|Knock Off|p2a: Porygon2\n|-damage|p2a: Porygon2|43/274 tox\n|-enditem|p2a: Porygon2|Eviolite|[from] move: Knock Off|[of] p1a: Bisharp\n|-damage|p1a: Bisharp|158/235|[from] item: Life Orb\n|move|p2a: Porygon2|Discharge|p1a: Bisharp\n|-damage|p1a: Bisharp|49/235\n|\n|-damage|p2a: Porygon2|0 fnt|[from] psn\n|faint|p2a: Porygon2\n|upkeep\n|\n|t:|1685365848\n|switch|p2a: Milotic|Milotic, L82, F|176/290\n|turn|14\n|\n|t:|1685365854\n|switch|p1a: Giratina|Giratina, L74|51/344\n|-ability|p1a: Giratina|Pressure\n|move|p2a: Milotic|Scald|p1a: Giratina\n|-resisted|p1a: Giratina\n|-damage|p1a: Giratina|15/344\n|\n|-heal|p2a: Milotic|194/290|[from] item: Leftovers\n|-heal|p1a: Giratina|36/344|[from] item: Leftovers\n|upkeep\n|turn|15\n|\n|t:|1685365856\n|move|p2a: Milotic|Ice Beam|p1a: Giratina\n|-supereffective|p1a: Giratina\n|-damage|p1a: Giratina|0 fnt\n|faint|p1a: Giratina\n|\n|-heal|p2a: Milotic|212/290|[from] item: Leftovers\n|upkeep\n|\n|t:|1685365861\n|switch|p1a: Rotom|Rotom-Fan, L84|221/221\n|turn|16\n|\n|t:|1685365865\n|switch|p2a: Garchomp|Garchomp, L74, M|282/282\n|move|p1a: Rotom|Volt Switch|p2a: Garchomp\n|-immune|p2a: Garchomp\n|\n|upkeep\n|turn|17\n|j|+Magmar54\u2764\u2661\n|\n|t:|1685365874\n|move|p2a: Garchomp|Swords Dance|p2a: Garchomp\n|-boost|p2a: Garchomp|atk|2\n|move|p1a: Rotom|Will-O-Wisp|p2a: Garchomp\n|-status|p2a: Garchomp|brn\n|-enditem|p2a: Garchomp|Lum Berry|[eat]\n|-curestatus|p2a: Garchomp|brn|[msg]\n|\n|upkeep\n|turn|18\n|l| RealMiwa\n|\n|t:|1685365897\n|switch|p1a: Bisharp|Bisharp, L80, M|49/235\n|move|p2a: Garchomp|Stone Edge|p1a: Bisharp|[miss]\n|-miss|p2a: Garchomp|p1a: Bisharp\n|\n|upkeep\n|turn|19\n|\n|t:|1685365902\n|move|p1a: Bisharp|Sucker Punch|p2a: Garchomp\n|-damage|p2a: Garchomp|164/282\n|-damage|p1a: Bisharp|20/235|[from] ability: Rough Skin|[of] p2a: Garchomp\n|-damage|p1a: Bisharp|0 fnt|[from] item: Life Orb\n|faint|p1a: Bisharp\n|move|p2a: Garchomp|Earthquake|p1: Bisharp|[notarget]\n|-fail|p2a: Garchomp\n|\n|upkeep\n|\n|t:|1685365906\n|switch|p1a: Liepard|Liepard, L86, M|250/250\n|turn|20\n|\n|t:|1685365914\n|move|p1a: Liepard|Play Rough|p2a: Garchomp\n|-supereffective|p2a: Garchomp\n|-damage|p2a: Garchomp|22/282\n|-damage|p1a: Liepard|219/250|[from] ability: Rough Skin|[of] p2a: Garchomp\n|move|p2a: Garchomp|Earthquake|p1a: Liepard\n|-damage|p1a: Liepard|0 fnt\n|faint|p1a: Liepard\n|\n|upkeep\n|\n|t:|1685365918\n|switch|p1a: Rotom|Rotom-Fan, L84|221/221\n|turn|21\n|\n|t:|1685365923\n|move|p2a: Garchomp|Outrage|p1a: Rotom\n|-damage|p1a: Rotom|5/221\n|move|p1a: Rotom|Air Slash|p2a: Garchomp\n|-damage|p2a: Garchomp|0 fnt\n|faint|p2a: Garchomp\n|\n|upkeep\n|\n|t:|1685365929\n|switch|p2a: Milotic|Milotic, L82, F|212/290\n|turn|22\n|\n|t:|1685365932\n|move|p1a: Rotom|Thunderbolt|p2a: Milotic\n|-supereffective|p2a: Milotic\n|-damage|p2a: Milotic|38/290\n|-status|p2a: Milotic|par\n|cant|p2a: Milotic|par\n|\n|-heal|p2a: Milotic|56/290 par|[from] item: Leftovers\n|upkeep\n|turn|23\n|c|\u2606Skyrack|gg\n|c|\u2606bodi 69|no way\n|c| Trefleuh|that's hilarious :c\n|c| 35Q71N|Oh wow\n|c|\u2606bodi 69|no way\n|c| Wubben|dude\n|c|+Magmar54\u2764\u2661|Lucky para\n|c|\u2606bodi 69|that unique like he said\n|j| JJ09LIE\n|c|\u2606bodi 69|omfg\n|inactive|Skyrack has 270 seconds left.\n|c| Wubben|I legit said oh my god out loud\n|c| 35Q71N|Did you have Encore on Liepard?\n|c|\u2606bodi 69|no\n|c| 35Q71N|Ah, unfortunate\n|c|\u2606Skyrack|okay\n|l| Lrogue \u2740\n|c|\u2606Skyrack|give me a recover\n|c|\u2606Skyrack|be nice\n|inactive|Skyrack has 240 seconds left.\n|c|\u2606bodi 69|he nah bro\n|c|\u2606bodi 69|hell*\n|c|\u2606bodi 69|ty tref\n|c| 35Q71N|Maybe he'll disconnect '-'\n|inactive|Skyrack has 210 seconds left.\n|c|\u2606bodi 69|i have my buckups\n|c|\u2606Skyrack|nah\n|c| Trefleuh|hehe, looks like i'm a lucky charm smh\n|c| 35Q71N|G3 was entertaining\n|c| Wubben|I mean its very unfortunate but you cant blame Body for it though\n|c|\u2606bodi 69|fr\n|c| Trefleuh|until barb is scarfed\n|c| 35Q71N|G1 and 2 were pretty onesided\n|c|\u2606Skyrack|I'm just processing\n|j| AmoghOp(\n|inactive|Skyrack has 180 seconds left.\n|l|+Chains of Markov\n|\n|t:|1685366059\n|move|p1a: Rotom|Thunderbolt|p2a: Milotic\n|-supereffective|p2a: Milotic\n|-damage|p2a: Milotic|0 fnt\n|faint|p2a: Milotic\n|\n|upkeep\n|\n|t:|1685366060\n|switch|p2a: Barbaracle|Barbaracle, L80, M|52/246\n|turn|24\n|c|\u2606Skyrack|wdym G1 was onesided?\n|\n|t:|1685366071\n|move|p1a: Rotom|Thunderbolt|p2a: Barbaracle\n|-supereffective|p2a: Barbaracle\n|-damage|p2a: Barbaracle|0 fnt\n|faint|p2a: Barbaracle\n|\n|win|bodi 69\n|c|\u2606bodi 69|no aqua jet baby\n|c| 35Q71N|Hax and bad mu\n|c| 35Q71N|It doesn't get AJ...\n|c|\u2606Skyrack|I had no switch-in for his first pokemon lol\n|c|\u2606bodi 69|no way i won that\n|c|\u2606Skyrack|we were both unlucky in G1\n|c|\u2606bodi 69|nah i was the unlucky one\n|c|\u2606Skyrack|and we both played well\n", "inputlog": ">version 6fec31d5a0d4498a06105aa188c9906bc0b6bf95\n>start {\"formatid\":\"gen8randombattle\",\"seed\":[44393,25911,47121,35137]}\n>player p1 {\"name\":\"bodi 69\",\"avatar\":\"leon\",\"rating\":0,\"seed\":[46442,34883,23752,52611]}\n>player p2 {\"name\":\"Skyrack\",\"avatar\":\"ethan\",\"rating\":0,\"seed\":[43005,55418,52339,23045]}\n>p1 move curse\n>p2 switch 3\n>p1 move rockslide\n>p2 move scald\n>p1 move rockslide\n>p2 move scald\n>p1 switch 2\n>p1 move nastyplot\n>p2 switch 4\n>p1 move focusblast\n>p2 move boltbeak\n>p1 move psychic\n>p2 move boltbeak\n>chat \u2606bodi 69|wow focus blast hit\n>p2 switch 2\n>p1 move freezedry dynamax\n>p2 move leechlife\n>p2 switch 3\n>p1 move psychic dynamax\n>p2 move stoneedge dynamax\n>p1 switch 6\n>p1 move voltswitch\n>p2 move stoneedge dynamax\n>p1 switch 4\n>p1 move toxic\n>p2 switch 5\n>chat \u2606bodi 69|yeah\n>p1 move hex\n>p2 move icebeam\n>p1 switch 3\n>p2 move icebeam\n>p1 move knockoff\n>p2 move discharge\n>p2 switch 4\n>p1 switch 3\n>p2 move scald\n>p1 move toxic\n>p2 move icebeam\n>p1 switch 4\n>p1 move voltswitch\n>p2 switch 6\n>p1 move willowisp\n>p2 move swordsdance\n>p1 switch 3\n>p2 move stoneedge\n>p1 move suckerpunch\n>p2 move earthquake\n>p1 switch 5\n>p1 move playrough\n>p2 move earthquake\n>p1 switch 3\n>p1 move airslash\n>p2 move outrage\n>p2 switch 6\n>p1 move thunderbolt\n>p2 move scald\n>chat \u2606Skyrack|gg\n>chat \u2606bodi 69|no way\n>chat  Trefleuh|that's hilarious :c\n>chat  35Q71N|Oh wow\n>chat \u2606bodi 69|no way\n>chat  Wubben|dude\n>chat +Magmar54\u2764\u2661|Lucky para\n>chat \u2606bodi 69|that unique like he said\n>chat \u2606bodi 69|omfg\n>chat  Wubben|I legit said oh my god out loud\n>chat  35Q71N|Did you have Encore on Liepard?\n>chat \u2606bodi 69|no\n>chat  35Q71N|Ah, unfortunate\n>chat \u2606Skyrack|okay\n>chat \u2606Skyrack|give me a recover\n>chat \u2606Skyrack|be nice\n>chat \u2606bodi 69|he nah bro\n>chat \u2606bodi 69|hell*\n>chat \u2606bodi 69|ty tref\n>chat  35Q71N|Maybe he'll disconnect '-'\n>chat \u2606bodi 69|i have my buckups\n>chat \u2606Skyrack|nah\n>chat  Trefleuh|hehe, looks like i'm a lucky charm smh\n>chat  35Q71N|G3 was entertaining\n>chat  Wubben|I mean its very unfortunate but you cant blame Body for it though \n>chat \u2606bodi 69|fr\n>chat  Trefleuh|until barb is scarfed\n>chat  35Q71N|G1 and 2 were pretty onesided\n>chat \u2606Skyrack|I'm just processing \n>p1 move thunderbolt\n>p2 move scald\n>p2 switch 5\n>chat \u2606Skyrack|wdym G1 was onesided?\n>p1 move thunderbolt\n>p2 move liquidation", "uploadtime": 1685366126, "views": 19, "p1id": "bodi69", "p2id": "skyrack", "formatid": "gen8randombattle", "rating": 0, "private": 0, "password": ""}