{"id": "gen8randombattle-1873373373", "p1": "onehappyguy", "p2": "dwings1235", "format": "[Gen 8] Random Battle", "log": "|j|\u2606onehappyguy\n|j|\u2606dwings1235\n|t:|1685369724\n|gametype|singles\n|player|p1|onehappyguy|170|1096\n|player|p2|dwings1235|galacticgrunt|1178\n|teamsize|p1|6\n|teamsize|p2|6\n|gen|8\n|tier|[Gen 8] Random Battle\n|rated|\n|rule|Species Clause: Limit one of each Pok\u00e9mon\n|rule|HP Percentage Mod: HP is shown in percentages\n|rule|Sleep Clause Mod: Limit one foe put to sleep\n|\n|t:|1685369724\n|start\n|switch|p1a: Sigilyph|Sigilyph, L83, F|255/255\n|switch|p2a: Lilligant|Lilligant, L84, F|255/255\n|turn|1\n|inactive|Battle timer is ON: inactive players will automatically lose when time's up. (requested by dwings1235)\n|inactive|dwings1235 has 120 seconds left.\n|\n|t:|1685369760\n|switch|p2a: Gyarados|Gyarados, L76, M|269/269\n|move|p1a: Sigilyph|Air Slash|p2a: Gyarados\n|-damage|p2a: Gyarados|156/269\n|\n|upkeep\n|turn|2\n|\n|t:|1685369770\n|switch|p1a: Rotom|Rotom-Fan, L84|221/221\n|move|p2a: Gyarados|Waterfall|p1a: Rotom\n|-damage|p1a: Rotom|146/221\n|\n|-heal|p1a: Rotom|159/221|[from] item: Leftovers\n|upkeep\n|turn|3\n|\n|t:|1685369778\n|move|p1a: Rotom|Thunderbolt|p2a: Gyarados\n|-supereffective|p2a: Gyarados\n|-damage|p2a: Gyarados|0 fnt\n|faint|p2a: Gyarados\n|\n|-heal|p1a: Rotom|172/221|[from] item: Leftovers\n|upkeep\n|\n|t:|1685369801\n|switch|p2a: Linoone|Linoone, L84, F|268/268\n|turn|4\n|\n|t:|1685369824\n|switch|p1a: Dusknoir|Dusknoir, L86, F|218/218\n|-item|p2a: Linoone|Iapapa Berry|[from] ability: Frisk|[of] p1a: Dusknoir|[identify]\n|move|p2a: Linoone|Belly Drum|p2a: Linoone\n|-damage|p2a: Linoone|134/268\n|-setboost|p2a: Linoone|atk|6|[from] move: Belly Drum\n|-enditem|p2a: Linoone|Iapapa Berry|[eat]\n|-heal|p2a: Linoone|223/268|[from] item: Iapapa Berry\n|\n|upkeep\n|turn|5\n|\n|t:|1685369841\n|-start|p1a: Dusknoir|Dynamax|\n|-heal|p1a: Dusknoir|436/436|[silent]\n|move|p2a: Linoone|Throat Chop|p1a: Dusknoir\n|-supereffective|p1a: Dusknoir\n|-damage|p1a: Dusknoir|186/436\n|-start|p1a: Dusknoir|Throat Chop|[silent]\n|move|p1a: Dusknoir|Max Quake|p2a: Linoone\n|-damage|p2a: Linoone|87/268\n|-boost|p1a: Dusknoir|spd|1\n|\n|upkeep\n|turn|6\n|\n|t:|1685369852\n|move|p1a: Dusknoir|Max Guard|p1a: Dusknoir\n|-singleturn|p1a: Dusknoir|Max Guard\n|move|p2a: Linoone|Throat Chop|p1a: Dusknoir\n|-activate|p1a: Dusknoir|move: Max Guard\n|\n|-end|p1a: Dusknoir|Throat Chop|[silent]\n|upkeep\n|turn|7\n|\n|t:|1685369862\n|move|p2a: Linoone|Throat Chop|p1a: Dusknoir\n|-supereffective|p1a: Dusknoir\n|-damage|p1a: Dusknoir|0 fnt\n|faint|p1a: Dusknoir\n|\n|upkeep\n|inactive|onehappyguy has 120 seconds left.\n|\n|t:|1685369878\n|switch|p1a: Rotom|Rotom-Fan, L84|172/221\n|turn|8\n|inactive|onehappyguy has 120 seconds left.\n|\n|t:|1685369889\n|move|p2a: Linoone|Extreme Speed|p1a: Rotom\n|-damage|p1a: Rotom|0 fnt\n|faint|p1a: Rotom\n|\n|upkeep\n|\n|t:|1685369907\n|switch|p1a: Darmanitan|Darmanitan-Galar, L78, F|292/292\n|turn|9\n|\n|t:|1685369912\n|switch|p1a: Sigilyph|Sigilyph, L83, F|255/255\n|move|p2a: Linoone|Extreme Speed|p1a: Sigilyph\n|-damage|p1a: Sigilyph|0 fnt\n|faint|p1a: Sigilyph\n|\n|upkeep\n|\n|t:|1685369924\n|switch|p1a: Tsareena|Tsareena, L84, F|258/258\n|turn|10\n|\n|t:|1685369935\n|-start|p2a: Linoone|Dynamax|\n|-heal|p2a: Linoone|174/536|[silent]\n|move|p2a: Linoone|Max Darkness|p1a: Tsareena\n|-damage|p1a: Tsareena|11/258\n|-unboost|p1a: Tsareena|spd|1\n|move|p1a: Tsareena|High Jump Kick|p2a: Linoone\n|-supereffective|p2a: Linoone\n|-damage|p2a: Linoone|0 fnt\n|faint|p2a: Linoone\n|\n|upkeep\n|\n|t:|1685369946\n|switch|p2a: Tapu Lele|Tapu Lele, L79|240/240\n|-fieldstart|move: Psychic Terrain|[from] ability: Psychic Surge|[of] p2a: Tapu Lele\n|turn|11\n|\n|t:|1685369951\n|move|p2a: Tapu Lele|Psychic|p1a: Tsareena\n|-crit|p1a: Tsareena\n|-damage|p1a: Tsareena|0 fnt\n|faint|p1a: Tsareena\n|-damage|p2a: Tapu Lele|216/240|[from] item: Life Orb\n|\n|upkeep\n|\n|t:|1685369956\n|switch|p1a: Darmanitan|Darmanitan-Galar, L78, F|292/292\n|turn|12\n|\n|t:|1685369961\n|move|p2a: Tapu Lele|Calm Mind|p2a: Tapu Lele\n|-boost|p2a: Tapu Lele|spa|1\n|-boost|p2a: Tapu Lele|spd|1\n|move|p1a: Darmanitan|Belly Drum|p1a: Darmanitan\n|-damage|p1a: Darmanitan|146/292\n|-setboost|p1a: Darmanitan|atk|6|[from] move: Belly Drum\n|\n|-formechange|p1a: Darmanitan|Darmanitan-Galar-Zen|\n|upkeep\n|turn|13\n|\n|t:|1685369977\n|move|p1a: Darmanitan|Fire Punch|p2a: Tapu Lele\n|-damage|p2a: Tapu Lele|0 fnt\n|faint|p2a: Tapu Lele\n|\n|upkeep\n|inactive|dwings1235 has 120 seconds left.\n|c|\u2606onehappyguy|come on bro you got this!!!!\n|c|\u2606onehappyguy|you can beat me\n|c|\u2606onehappyguy|i fucking suck at this game\n|inactive|dwings1235 has 90 seconds left.\n|inactive|dwings1235 has 60 seconds left.\n|inactive|dwings1235 has 30 seconds left.\n|c|\u2606dwings1235|Sorry, I got distracted by some n00ds someone sent me, lmaoooo.\n|\n|t:|1685370103\n|switch|p2a: Toxtricity|Toxtricity-Low-Key, L82, M|257/257\n|turn|14\n|inactive|dwings1235 has 30 seconds left.\n|\n|t:|1685370112\n|move|p1a: Darmanitan|Fire Punch|p2a: Toxtricity\n|-damage|p2a: Toxtricity|0 fnt\n|faint|p2a: Toxtricity\n|\n|upkeep\n|\n|t:|1685370116\n|switch|p2a: Rayquaza|Rayquaza, L74|277/277\n|-ability|p2a: Rayquaza|Air Lock\n|turn|15\n|\n|t:|1685370122\n|move|p1a: Darmanitan|Icicle Crash|p2a: Rayquaza|[miss]\n|-miss|p1a: Darmanitan|p2a: Rayquaza\n|move|p2a: Rayquaza|Dragon Ascent|p1a: Darmanitan\n|-damage|p1a: Darmanitan|0 fnt\n|-unboost|p2a: Rayquaza|def|1\n|-unboost|p2a: Rayquaza|spd|1\n|faint|p1a: Darmanitan\n|\n|-fieldend|move: Psychic Terrain\n|upkeep\n|c|\u2606dwings1235|Of course I can beat you. ;)\n|\n|t:|1685370148\n|switch|p1a: Zamazenta|Zamazenta-Crowned, L71|248/248\n|-ability|p1a: Zamazenta|Dauntless Shield|boost\n|-boost|p1a: Zamazenta|def|1\n|turn|16\n|inactive|onehappyguy has 120 seconds left.\n|\n|t:|1685370164\n|switch|p2a: Lilligant|Lilligant, L84, F|255/255\n|move|p1a: Zamazenta|Psychic Fangs|p2a: Lilligant\n|-damage|p2a: Lilligant|190/255\n|\n|-heal|p2a: Lilligant|205/255|[from] item: Leftovers\n|upkeep\n|turn|17\n|\n|t:|1685370173\n|move|p1a: Zamazenta|Crunch|p2a: Lilligant\n|-damage|p2a: Lilligant|145/255\n|move|p2a: Lilligant|Sleep Powder|p1a: Zamazenta\n|-status|p1a: Zamazenta|slp|[from] move: Sleep Powder\n|\n|-heal|p2a: Lilligant|160/255|[from] item: Leftovers\n|upkeep\n|turn|18\n|inactive|dwings1235 has 60 seconds left.\n|\n|t:|1685370182\n|switch|p2a: Rayquaza|Rayquaza, L74|277/277\n|-ability|p2a: Rayquaza|Air Lock\n|cant|p1a: Zamazenta|slp\n|\n|upkeep\n|turn|19\n|\n|t:|1685370192\n|cant|p1a: Zamazenta|slp\n|move|p2a: Rayquaza|Swords Dance|p2a: Rayquaza\n|-boost|p2a: Rayquaza|atk|2\n|\n|upkeep\n|turn|20\n|\n|t:|1685370211\n|cant|p1a: Zamazenta|slp\n|move|p2a: Rayquaza|Earthquake|p1a: Zamazenta\n|-supereffective|p1a: Zamazenta\n|-damage|p1a: Zamazenta|86/248 slp\n|\n|upkeep\n|turn|21\n|\n|t:|1685370216\n|-curestatus|p1a: Zamazenta|slp|[msg]\n|move|p1a: Zamazenta|Crunch|p2a: Rayquaza\n|-damage|p2a: Rayquaza|222/277\n|move|p2a: Rayquaza|Earthquake|p1a: Zamazenta\n|-supereffective|p1a: Zamazenta\n|-damage|p1a: Zamazenta|0 fnt\n|faint|p1a: Zamazenta\n|\n|win|dwings1235\n|raw|onehappyguy's rating: 1096 &rarr; <strong>1077</strong><br />(-19 for losing)\n|raw|dwings1235's rating: 1178 &rarr; <strong>1197</strong><br />(+19 for winning)\n", "inputlog": ">version 6fec31d5a0d4498a06105aa188c9906bc0b6bf95\n>start {\"formatid\":\"gen8randombattle\",\"seed\":[39528,41623,31964,34645],\"rated\":\"Rated battle\"}\n>player p1 {\"name\":\"onehappyguy\",\"avatar\":\"170\",\"rating\":1096,\"seed\":[19154,44496,47394,43656]}\n>player p2 {\"name\":\"dwings1235\",\"avatar\":\"galacticgrunt\",\"rating\":1178,\"seed\":[25110,50947,25861,64243]}\n>p1 move airslash\n>p2 switch 5\n>p1 switch 2\n>p2 move waterfall\n>p1 move thunderbolt\n>p2 move waterfall\n>p2 switch 4\n>p1 switch 6\n>p2 move bellydrum\n>p1 move earthquake dynamax\n>p2 move throatchop\n>p1 move trick dynamax\n>p2 move throatchop\n>p1 move shadowsneak dynamax\n>p2 move throatchop\n>p1 switch 6\n>p1 move airslash\n>p2 move extremespeed\n>p1 switch 5\n>p1 switch 2\n>p2 move extremespeed\n>p1 switch 3\n>p1 move highjumpkick\n>p2 move throatchop dynamax\n>p2 switch 2\n>p1 move highjumpkick\n>p2 move psychic\n>p1 switch 2\n>p1 move bellydrum\n>p2 move calmmind\n>p1 move firepunch\n>p2 move focusblast\n>chat \u2606onehappyguy|come on bro you got this!!!!\n>chat \u2606onehappyguy|you can beat me\n>chat \u2606onehappyguy|i fucking suck at this game\n>chat \u2606dwings1235|Sorry, I got distracted by some n00ds someone sent me, lmaoooo.\n>p2 switch 3\n>p1 move firepunch\n>p2 move overdrive\n>p2 switch 6\n>p1 move iciclecrash\n>p2 move dragonascent\n>chat \u2606dwings1235|Of course I can beat you. ;)\n>p1 switch 4\n>p1 move psychicfangs\n>p2 switch 5\n>p1 move crunch\n>p2 move sleeppowder\n>p1 move crunch\n>p2 switch 5\n>p1 move behemothbash\n>p2 move swordsdance\n>p1 move crunch\n>p2 move earthquake\n>p1 move crunch\n>p2 move earthquake", "uploadtime": 1685370036, "views": 5, "p1id": "onehappyguy", "p2id": "dwings1235", "formatid": "gen8randombattle", "rating": 1077, "private": 0, "password": ""}