{"id": "gen8randombattle-1872158335", "p1": "apetito123", "p2": "djdufjjdjffndjapfj", "format": "[Gen 8] Random Battle", "log": "|j|\u2606apetito123\n|j|\u2606djdufjjdjffndjapfj\n|t:|1685189874\n|gametype|singles\n|player|p1|apetito123|102|1009\n|player|p2|djdufjjdjffndjapfj|101|1000\n|teamsize|p1|6\n|teamsize|p2|6\n|gen|8\n|tier|[Gen 8] Random Battle\n|rated|\n|rule|Species Clause: Limit one of each Pok\u00e9mon\n|rule|HP Percentage Mod: HP is shown in percentages\n|rule|Sleep Clause Mod: Limit one foe put to sleep\n|\n|t:|1685189874\n|start\n|switch|p1a: Persian|Persian, L88, M|258/258\n|switch|p2a: Celebi|Celebi, L82|298/298\n|turn|1\n|\n|t:|1685189895\n|move|p1a: Persian|Fake Out|p2a: Celebi\n|-damage|p2a: Celebi|227/298\n|-damage|p1a: Persian|233/258|[from] item: Life Orb\n|cant|p2a: Celebi|flinch\n|\n|-heal|p2a: Celebi|245/298|[from] item: Leftovers\n|upkeep\n|turn|2\n|\n|t:|1685189906\n|move|p1a: Persian|Knock Off|p2a: Celebi\n|-supereffective|p2a: Celebi\n|-damage|p2a: Celebi|97/298\n|-enditem|p2a: Celebi|Leftovers|[from] move: Knock Off|[of] p1a: Persian\n|-damage|p1a: Persian|208/258|[from] item: Life Orb\n|move|p2a: Celebi|Nasty Plot|p2a: Celebi\n|-boost|p2a: Celebi|spa|2\n|\n|upkeep\n|turn|3\n|\n|t:|1685189916\n|move|p1a: Persian|Knock Off|p2a: Celebi\n|-supereffective|p2a: Celebi\n|-damage|p2a: Celebi|0 fnt\n|faint|p2a: Celebi\n|-damage|p1a: Persian|183/258|[from] item: Life Orb\n|\n|upkeep\n|\n|t:|1685189922\n|switch|p2a: Barraskewda|Barraskewda, L80, M|227/227\n|turn|4\n|\n|t:|1685189937\n|move|p1a: Persian|Double-Edge|p2a: Barraskewda\n|-damage|p2a: Barraskewda|28/227\n|replace|p2a: Zoroark|Zoroark, L80, M\n|-end|p2a: Zoroark|Illusion\n|-damage|p1a: Persian|117/258|[from] Recoil\n|-damage|p1a: Persian|92/258|[from] item: Life Orb\n|move|p2a: Zoroark|Dark Pulse|p1a: Persian\n|-damage|p1a: Persian|0 fnt\n|faint|p1a: Persian\n|-damage|p2a: Zoroark|6/227|[from] item: Life Orb\n|\n|upkeep\n|\n|t:|1685189960\n|switch|p1a: Exeggutor|Exeggutor, L86, M|304/304\n|turn|5\n|\n|t:|1685189964\n|move|p2a: Zoroark|Flamethrower|p1a: Exeggutor\n|-supereffective|p1a: Exeggutor\n|-damage|p1a: Exeggutor|93/304\n|-status|p1a: Exeggutor|brn\n|-enditem|p1a: Exeggutor|Sitrus Berry|[eat]\n|-heal|p1a: Exeggutor|169/304 brn|[from] item: Sitrus Berry\n|-damage|p2a: Zoroark|0 fnt|[from] item: Life Orb\n|faint|p2a: Zoroark\n|move|p1a: Exeggutor|Giga Drain|p2: Zoroark|[notarget]\n|-fail|p1a: Exeggutor\n|\n|-damage|p1a: Exeggutor|150/304 brn|[from] brn\n|-item|p1a: Exeggutor|Sitrus Berry|[from] ability: Harvest\n|upkeep\n|-enditem|p1a: Exeggutor|Sitrus Berry|[eat]\n|-heal|p1a: Exeggutor|226/304 brn|[from] item: Sitrus Berry\n|\n|t:|1685189967\n|switch|p2a: Victini|Victini, L78|283/283\n|turn|6\n|\n|t:|1685189984\n|switch|p1a: Kingdra|Kingdra, L82, F|257/257\n|move|p2a: Victini|V-create|p1a: Kingdra\n|-resisted|p1a: Kingdra\n|-damage|p1a: Kingdra|218/257\n|-unboost|p2a: Victini|spe|1\n|-unboost|p2a: Victini|def|1\n|-unboost|p2a: Victini|spd|1\n|\n|upkeep\n|turn|7\n|-message|djdufjjdjffndjapfj forfeited.\n|\n|win|apetito123\n|raw|apetito123's rating: 1009 &rarr; <strong>1047</strong><br />(+38 for winning)\n|raw|djdufjjdjffndjapfj's rating: 1000 &rarr; <strong>1000</strong><br />(+0 for losing)\n|l|\u2606djdufjjdjffndjapfj\n", "inputlog": ">version d74822bbc74c095aa312053f7034baee3068d99e\n>start {\"formatid\":\"gen8randombattle\",\"seed\":[46302,31023,27466,43480],\"rated\":\"Rated battle\"}\n>player p1 {\"name\":\"apetito123\",\"avatar\":\"102\",\"rating\":1009,\"seed\":[38292,38247,51951,5818]}\n>player p2 {\"name\":\"djdufjjdjffndjapfj\",\"avatar\":\"101\",\"rating\":1000,\"seed\":[35542,49459,34197,21275]}\n>p1 move fakeout\n>p2 move leafstorm\n>p1 move knockoff\n>p2 move nastyplot\n>p1 move knockoff\n>p2 move recover\n>p2 switch 5\n>p1 move doubleedge\n>p2 move darkpulse\n>p1 switch 2\n>p1 move gigadrain\n>p2 move flamethrower\n>p2 switch 2\n>p1 switch 3\n>p2 move vcreate\n>forcelose p2", "uploadtime": 1685189994, "views": 6, "p1id": "apetito123", "p2id": "djdufjjdjffndjapfj", "formatid": "gen8randombattle", "rating": 1000, "private": 0, "password": ""}