{"id": "gen8randombattle-1862019986", "p1": "jmaccrimmon", "p2": "cupcake26", "format": "[Gen 8] Random Battle", "log": "|j|\u2606jmaccrimmon\n|j|\u2606cupcake26\n|t:|1683829384\n|gametype|singles\n|player|p1|jmaccrimmon|lance|1352\n|player|p2|cupcake26|maylene|1357\n|teamsize|p1|6\n|teamsize|p2|6\n|gen|8\n|tier|[Gen 8] Random Battle\n|rated|\n|rule|Species Clause: Limit one of each Pok\u00e9mon\n|rule|HP Percentage Mod: HP is shown in percentages\n|rule|Sleep Clause Mod: Limit one foe put to sleep\n|\n|t:|1683829384\n|start\n|switch|p1a: Wigglytuff|Wigglytuff, L90, F|398/398\n|switch|p2a: Gallade|Gallade, L82, M|246/246\n|-item|p2a: Gallade|Life Orb|[from] ability: Frisk|[of] p1a: Wigglytuff|[identify]\n|turn|1\n|\n|t:|1683829419\n|switch|p2a: Garbodor|Garbodor, L87, M|281/281\n|move|p1a: Wigglytuff|Dazzling Gleam|p2a: Garbodor\n|-resisted|p2a: Garbodor\n|-damage|p2a: Garbodor|236/281\n|\n|-heal|p2a: Garbodor|253/281|[from] item: Black Sludge\n|upkeep\n|turn|2\n|\n|t:|1683829431\n|move|p2a: Garbodor|Toxic Spikes|p1a: Wigglytuff\n|-sidestart|p1: jmaccrimmon|move: Toxic Spikes\n|move|p1a: Wigglytuff|Reflect|p1a: Wigglytuff\n|-sidestart|p1: jmaccrimmon|Reflect\n|\n|-heal|p2a: Garbodor|270/281|[from] item: Black Sludge\n|upkeep\n|turn|3\n|\n|t:|1683829471\n|move|p2a: Garbodor|Toxic Spikes|p1a: Wigglytuff\n|-sidestart|p1: jmaccrimmon|move: Toxic Spikes\n|move|p1a: Wigglytuff|Light Screen|p1a: Wigglytuff\n|-sidestart|p1: jmaccrimmon|move: Light Screen\n|\n|-heal|p2a: Garbodor|281/281|[from] item: Black Sludge\n|upkeep\n|turn|4\n|\n|t:|1683829490\n|switch|p1a: Pelipper|Pelipper, L86, M|243/243\n|-weather|RainDance|[from] ability: Drizzle|[of] p1a: Pelipper\n|move|p2a: Garbodor|Gunk Shot|p1a: Pelipper\n|-damage|p1a: Pelipper|189/243\n|\n|-weather|RainDance|[upkeep]\n|upkeep\n|turn|5\n|\n|t:|1683829501\n|switch|p2a: Zekrom|Zekrom, L69|252/252\n|-ability|p2a: Zekrom|Teravolt\n|move|p1a: Pelipper|Hurricane|p2a: Zekrom\n|-resisted|p2a: Zekrom\n|-damage|p2a: Zekrom|183/252\n|\n|-weather|RainDance|[upkeep]\n|upkeep\n|turn|6\n|\n|t:|1683829510\n|move|p2a: Zekrom|Bolt Strike|p1a: Pelipper\n|-supereffective|p1a: Pelipper\n|-damage|p1a: Pelipper|0 fnt\n|faint|p1a: Pelipper\n|\n|-weather|RainDance|[upkeep]\n|upkeep\n|\n|t:|1683829526\n|switch|p1a: Altaria|Altaria, L90, F|281/281\n|turn|7\n|\n|t:|1683829548\n|switch|p2a: Slowking|Slowking-Galar, L84, M|297/297\n|move|p1a: Altaria|Earthquake|p2a: Slowking\n|-supereffective|p2a: Slowking\n|-damage|p2a: Slowking|118/297\n|-damage|p1a: Altaria|253/281|[from] item: Life Orb\n|\n|-weather|RainDance|[upkeep]\n|upkeep\n|turn|8\n|\n|t:|1683829564\n|switch|p2a: Tsareena|Tsareena, L84, F|258/258\n|move|p1a: Altaria|Earthquake|p2a: Tsareena\n|-resisted|p2a: Tsareena\n|-damage|p2a: Tsareena|220/258\n|-damage|p1a: Altaria|225/281|[from] item: Life Orb\n|\n|-weather|none\n|upkeep\n|turn|9\n|\n|t:|1683829569\n|move|p1a: Altaria|Fire Blast|p2a: Tsareena\n|-supereffective|p2a: Tsareena\n|-damage|p2a: Tsareena|56/258\n|-damage|p1a: Altaria|197/281|[from] item: Life Orb\n|move|p2a: Tsareena|Triple Axel|p1a: Altaria\n|-supereffective|p1a: Altaria\n|-damage|p1a: Altaria|149/281\n|-supereffective|p1a: Altaria\n|-damage|p1a: Altaria|59/281\n|-hitcount|p1a: Altaria|2\n|\n|-sideend|p1: jmaccrimmon|Reflect\n|upkeep\n|turn|10\n|\n|t:|1683829606\n|switch|p2a: Garbodor|Garbodor, L87, M|281/281\n|move|p1a: Altaria|Fire Blast|p2a: Garbodor\n|-damage|p2a: Garbodor|193/281\n|-status|p2a: Garbodor|brn\n|-damage|p1a: Altaria|31/281|[from] item: Life Orb\n|\n|-heal|p2a: Garbodor|210/281 brn|[from] item: Black Sludge\n|-damage|p2a: Garbodor|193/281 brn|[from] brn\n|-sideend|p1: jmaccrimmon|move: Light Screen\n|upkeep\n|turn|11\n|\n|t:|1683829622\n|switch|p1a: Raichu|Raichu-Alola, L84, M|238/238\n|-status|p1a: Raichu|tox\n|move|p2a: Garbodor|Gunk Shot|p1a: Raichu\n|-damage|p1a: Raichu|136/238 tox\n|\n|-heal|p2a: Garbodor|210/281 brn|[from] item: Black Sludge\n|-damage|p1a: Raichu|122/238 tox|[from] psn\n|-damage|p2a: Garbodor|193/281 brn|[from] brn\n|upkeep\n|turn|12\n|\n|t:|1683829633\n|move|p1a: Raichu|Psyshock|p2a: Garbodor\n|-supereffective|p2a: Garbodor\n|-damage|p2a: Garbodor|0 fnt\n|faint|p2a: Garbodor\n|-damage|p1a: Raichu|99/238 tox|[from] item: Life Orb\n|\n|-damage|p1a: Raichu|71/238 tox|[from] psn\n|upkeep\n|\n|t:|1683829641\n|switch|p2a: Gallade|Gallade, L82, M|246/246\n|turn|13\n|\n|t:|1683829644\n|move|p2a: Gallade|Shadow Sneak|p1a: Raichu\n|-supereffective|p1a: Raichu\n|-damage|p1a: Raichu|0 fnt\n|faint|p1a: Raichu\n|-damage|p2a: Gallade|222/246|[from] item: Life Orb\n|\n|upkeep\n|\n|t:|1683829655\n|switch|p1a: Tangrowth|Tangrowth, L84, M|305/305\n|-status|p1a: Tangrowth|tox\n|turn|14\n|\n|t:|1683829660\n|switch|p2a: Tsareena|Tsareena, L84, F|56/258\n|move|p1a: Tangrowth|Sleep Powder|p2a: Tsareena\n|-immune|p2a: Tsareena\n|\n|-damage|p1a: Tangrowth|286/305 tox|[from] psn\n|upkeep\n|turn|15\n|\n|t:|1683829666\n|move|p2a: Tsareena|Triple Axel|p1a: Tangrowth\n|-supereffective|p1a: Tangrowth\n|-damage|p1a: Tangrowth|246/305 tox\n|-damage|p2a: Tsareena|13/258|[from] item: Rocky Helmet|[of] p1a: Tangrowth\n|-supereffective|p1a: Tangrowth\n|-damage|p1a: Tangrowth|172/305 tox\n|-damage|p2a: Tsareena|0 fnt|[from] item: Rocky Helmet|[of] p1a: Tangrowth\n|faint|p2a: Tsareena\n|-hitcount|p1a: Tangrowth|2\n|move|p1a: Tangrowth|Knock Off|p2: Tsareena|[notarget]\n|-fail|p1a: Tangrowth\n|\n|-damage|p1a: Tangrowth|134/305 tox|[from] psn\n|upkeep\n|\n|t:|1683829670\n|switch|p2a: Kartana|Kartana, L74|209/209\n|turn|16\n|\n|t:|1683829675\n|move|p2a: Kartana|Smart Strike|p1a: Tangrowth\n|-crit|p1a: Tangrowth\n|-damage|p1a: Tangrowth|0 fnt\n|-damage|p2a: Kartana|175/209|[from] item: Rocky Helmet|[of] p1a: Tangrowth\n|faint|p1a: Tangrowth\n|-ability|p2a: Kartana|Beast Boost|boost\n|-boost|p2a: Kartana|atk|1\n|\n|upkeep\n|\n|t:|1683829686\n|switch|p1a: Zygarde|Zygarde, L70|267/267\n|-status|p1a: Zygarde|tox\n|turn|17\n|\n|t:|1683829691\n|-start|p2a: Kartana|Dynamax|\n|-heal|p2a: Kartana|350/418|[silent]\n|move|p2a: Kartana|Max Steelspike|p1a: Zygarde\n|-damage|p1a: Zygarde|56/267 tox\n|-boost|p2a: Kartana|def|1\n|move|p1a: Zygarde|Dragon Dance|p1a: Zygarde\n|-boost|p1a: Zygarde|atk|1\n|-boost|p1a: Zygarde|spe|1\n|\n|-heal|p1a: Zygarde|72/267 tox|[from] item: Leftovers\n|-damage|p1a: Zygarde|56/267 tox|[from] psn\n|-activate|p1a: Zygarde|ability: Power Construct\n|detailschange|p1a: Zygarde|Zygarde-Complete, L70\n|-heal|p1a: Zygarde|207/418 tox|[silent]\n|upkeep\n|turn|18\n|\n|t:|1683829707\n|move|p1a: Zygarde|Thousand Arrows|p2a: Kartana\n|-damage|p2a: Kartana|292/418\n|move|p2a: Kartana|Max Steelspike|p1a: Zygarde\n|-damage|p1a: Zygarde|0 fnt\n|-boost|p2a: Kartana|def|1\n|faint|p1a: Zygarde\n|-ability|p2a: Kartana|Beast Boost|boost\n|-boost|p2a: Kartana|atk|1\n|\n|upkeep\n|\n|t:|1683829711\n|switch|p1a: Altaria|Altaria, L90, F|31/281\n|turn|19\n|\n|t:|1683829714\n|move|p2a: Kartana|Max Steelspike|p1a: Altaria\n|-damage|p1a: Altaria|0 fnt\n|-boost|p2a: Kartana|def|1\n|faint|p1a: Altaria\n|-ability|p2a: Kartana|Beast Boost|boost\n|-boost|p2a: Kartana|atk|1\n|\n|upkeep\n|-message|jmaccrimmon forfeited.\n|\n|win|cupcake26\n|raw|jmaccrimmon's rating: 1352 &rarr; <strong>1333</strong><br />(-19 for losing)\n|raw|cupcake26's rating: 1377 &rarr; <strong>1396</strong><br />(+19 for winning)\n|l|\u2606jmaccrimmon\n", "inputlog": ">version bce759c5f189753f4322d11c9e5aa78bbe1b1bf9\n>start {\"formatid\":\"gen8randombattle\",\"seed\":[47043,29150,1564,42753],\"rated\":\"Rated battle\"}\n>player p1 {\"name\":\"jmaccrimmon\",\"avatar\":\"lance\",\"rating\":1352,\"seed\":[2615,24352,62224,63673]}\n>player p2 {\"name\":\"cupcake26\",\"avatar\":\"maylene\",\"rating\":1357,\"seed\":[14729,312,28906,20308]}\n>p1 move dazzlinggleam\n>p2 switch 4\n>p1 move reflect\n>p2 move toxicspikes\n>p1 move lightscreen\n>p2 move toxicspikes\n>p1 switch 2\n>p2 move gunkshot\n>p1 move hurricane\n>p2 switch 2\n>p1 move defog\n>p2 move boltstrike\n>p1 switch 3\n>p1 move earthquake\n>p2 switch 3\n>p1 move earthquake\n>p2 switch 5\n>p1 move fireblast\n>p2 move tripleaxel\n>p1 move fireblast\n>p2 switch 2\n>p1 switch 5\n>p2 move gunkshot\n>p1 move psyshock\n>p2 move stompingtantrum\n>p2 switch 4\n>p1 move psyshock\n>p2 move shadowsneak\n>p1 switch 6\n>p1 move sleeppowder\n>p2 switch 2\n>p1 move knockoff\n>p2 move tripleaxel\n>p2 switch 6\n>p1 move leechseed\n>p2 move smartstrike\n>p1 switch 4\n>p1 move dragondance\n>p2 move smartstrike dynamax\n>p1 move thousandarrows\n>p2 move smartstrike dynamax\n>p1 switch 5\n>p1 move roost\n>p2 move smartstrike dynamax\n>forcelose p1", "uploadtime": 1683829719, "views": 9, "p1id": "jmaccrimmon", "p2id": "cupcake26", "formatid": "gen8randombattle", "rating": 1333, "private": 0, "password": ""}