{"id": "gen8randombattle-1871836142", "p1": "gareeb adani", "p2": "MyPasswordIsPeePee", "format": "[Gen 8] Random Battle", "log": "|j|\u2606gareeb adani\n|j|\u2606MyPasswordIsPeePee\n|t:|1685135851\n|gametype|singles\n|player|p1|gareeb adani|2|1493\n|player|p2|MyPasswordIsPeePee|266|1685\n|teamsize|p1|6\n|teamsize|p2|6\n|gen|8\n|tier|[Gen 8] Random Battle\n|rated|\n|rule|Species Clause: Limit one of each Pok\u00e9mon\n|rule|HP Percentage Mod: HP is shown in percentages\n|rule|Sleep Clause Mod: Limit one foe put to sleep\n|\n|t:|1685135851\n|start\n|switch|p1a: Copperajah|Copperajah, L84, M|342/342\n|switch|p2a: Hippowdon|Hippowdon, L80, M|304/304\n|-weather|Sandstorm|[from] ability: Sand Stream|[of] p2a: Hippowdon\n|turn|1\n|inactive|Battle timer is ON: inactive players will automatically lose when time's up. (requested by MyPasswordIsPeePee)\n|\n|t:|1685135886\n|switch|p1a: Qwilfish|Qwilfish, L84, F|246/246\n|-ability|p1a: Qwilfish|Intimidate|boost\n|-unboost|p2a: Hippowdon|atk|1\n|move|p2a: Hippowdon|Earthquake|p1a: Qwilfish\n|-supereffective|p1a: Qwilfish\n|-damage|p1a: Qwilfish|96/246\n|\n|-weather|Sandstorm|[upkeep]\n|-damage|p1a: Qwilfish|81/246|[from] Sandstorm\n|-heal|p1a: Qwilfish|96/246|[from] item: Black Sludge\n|upkeep\n|turn|2\n|\n|t:|1685135894\n|switch|p2a: Uxie|Uxie, L82|257/257\n|move|p1a: Qwilfish|Waterfall|p2a: Uxie\n|-damage|p2a: Uxie|194/257\n|\n|-weather|Sandstorm|[upkeep]\n|-damage|p2a: Uxie|178/257|[from] Sandstorm\n|-damage|p1a: Qwilfish|81/246|[from] Sandstorm\n|-heal|p2a: Uxie|194/257|[from] item: Leftovers\n|-heal|p1a: Qwilfish|96/246|[from] item: Black Sludge\n|upkeep\n|turn|3\n|\n|t:|1685135905\n|switch|p1a: Copperajah|Copperajah, L84, M|342/342\n|move|p2a: Uxie|Psychic|p1a: Copperajah\n|-resisted|p1a: Copperajah\n|-damage|p1a: Copperajah|297/342\n|\n|-weather|Sandstorm|[upkeep]\n|-damage|p2a: Uxie|178/257|[from] Sandstorm\n|-heal|p2a: Uxie|194/257|[from] item: Leftovers\n|upkeep\n|turn|4\n|\n|t:|1685135911\n|move|p2a: Uxie|Stealth Rock|p1a: Copperajah\n|-sidestart|p1: gareeb adani|move: Stealth Rock\n|move|p1a: Copperajah|Power Whip|p2a: Uxie\n|-damage|p2a: Uxie|67/257\n|\n|-weather|Sandstorm|[upkeep]\n|-damage|p2a: Uxie|51/257|[from] Sandstorm\n|-heal|p2a: Uxie|67/257|[from] item: Leftovers\n|upkeep\n|turn|5\n|\n|t:|1685135918\n|switch|p2a: Arcanine|Arcanine, L82, F|282/282\n|-ability|p2a: Arcanine|Intimidate|boost\n|-unboost|p1a: Copperajah|atk|1\n|move|p1a: Copperajah|Power Whip|p2a: Arcanine\n|-resisted|p2a: Arcanine\n|-damage|p2a: Arcanine|226/282\n|\n|-weather|none\n|upkeep\n|turn|6\n|\n|t:|1685135927\n|switch|p1a: Qwilfish|Qwilfish, L84, F|96/246\n|-damage|p1a: Qwilfish|66/246|[from] Stealth Rock\n|-ability|p1a: Qwilfish|Intimidate|boost\n|-unboost|p2a: Arcanine|atk|1\n|move|p2a: Arcanine|Flare Blitz|p1a: Qwilfish\n|-resisted|p1a: Qwilfish\n|-damage|p1a: Qwilfish|23/246\n|-damage|p2a: Arcanine|212/282|[from] Recoil\n|\n|-heal|p1a: Qwilfish|38/246|[from] item: Black Sludge\n|upkeep\n|turn|7\n|\n|t:|1685135934\n|move|p2a: Arcanine|Flare Blitz|p1a: Qwilfish\n|-resisted|p1a: Qwilfish\n|-damage|p1a: Qwilfish|0 fnt\n|faint|p1a: Qwilfish\n|-damage|p2a: Arcanine|199/282|[from] Recoil\n|\n|upkeep\n|\n|t:|1685135942\n|switch|p1a: Araquanid|Araquanid, L80, M|240/240\n|turn|8\n|\n|t:|1685135967\n|switch|p2a: Klefki|Klefki, L82, M|228/228\n|move|p1a: Araquanid|Sticky Web|p2a: Klefki\n|-sidestart|p2: MyPasswordIsPeePee|move: Sticky Web\n|\n|upkeep\n|turn|9\n|l|\u2606gareeb adani\n|inactive|gareeb adani disconnected and has a minute to reconnect!\n|player|p1|\n|inactive|gareeb adani has 30 seconds to reconnect!\n|inactive|gareeb adani has 20 seconds to reconnect!\n|inactive|gareeb adani has 15 seconds to reconnect!\n|inactive|gareeb adani has 10 seconds to reconnect!\n|j|\u2606gareeb adani\n|inactive|gareeb adani reconnected and has 85 seconds left.\n|player|p1|gareeb adani|2\n|\n|t:|1685136035\n|move|p2a: Klefki|Spikes|p1a: Araquanid\n|-sidestart|p1: gareeb adani|Spikes\n|move|p1a: Araquanid|Liquidation|p2a: Klefki\n|-damage|p2a: Klefki|90/228\n|\n|-heal|p2a: Klefki|104/228|[from] item: Leftovers\n|upkeep\n|turn|10\n|\n|t:|1685136050\n|move|p2a: Klefki|Toxic|p1a: Araquanid\n|-status|p1a: Araquanid|tox\n|move|p1a: Araquanid|Liquidation|p2a: Klefki\n|-damage|p2a: Klefki|0 fnt\n|faint|p2a: Klefki\n|\n|-damage|p1a: Araquanid|225/240 tox|[from] psn\n|upkeep\n|inactive|MyPasswordIsPeePee has 120 seconds left.\n|\n|t:|1685136066\n|switch|p2a: Bronzong|Bronzong, L83|247/247\n|turn|11\n|\n|t:|1685136073\n|move|p2a: Bronzong|Protect|p2a: Bronzong\n|-singleturn|p2a: Bronzong|Protect\n|move|p1a: Araquanid|Liquidation|p2a: Bronzong\n|-activate|p2a: Bronzong|move: Protect\n|\n|-damage|p1a: Araquanid|195/240 tox|[from] psn\n|upkeep\n|turn|12\n|\n|t:|1685136077\n|move|p1a: Araquanid|Liquidation|p2a: Bronzong\n|-crit|p2a: Bronzong\n|-damage|p2a: Bronzong|88/247\n|-unboost|p2a: Bronzong|def|1\n|move|p2a: Bronzong|Iron Head|p1a: Araquanid\n|-resisted|p1a: Araquanid\n|-damage|p1a: Araquanid|152/240 tox\n|\n|-heal|p2a: Bronzong|103/247|[from] item: Leftovers\n|-damage|p1a: Araquanid|107/240 tox|[from] psn\n|upkeep\n|turn|13\n|\n|t:|1685136083\n|switch|p1a: Hitmontop|Hitmontop, L85, M|224/224\n|-damage|p1a: Hitmontop|210/224|[from] Stealth Rock\n|-damage|p1a: Hitmontop|182/224|[from] Spikes\n|move|p2a: Bronzong|Protect||[still]\n|-fail|p2a: Bronzong\n|\n|-heal|p2a: Bronzong|118/247|[from] item: Leftovers\n|upkeep\n|turn|14\n|\n|t:|1685136089\n|move|p1a: Hitmontop|Rapid Spin|p2a: Bronzong\n|-resisted|p2a: Bronzong\n|-damage|p2a: Bronzong|86/247\n|-boost|p1a: Hitmontop|spe|1\n|-sideend|p1: gareeb adani|Spikes|[from] move: Rapid Spin|[of] p1a: Hitmontop\n|-sideend|p1: gareeb adani|Stealth Rock|[from] move: Rapid Spin|[of] p1a: Hitmontop\n|move|p2a: Bronzong|Toxic|p1a: Hitmontop\n|-status|p1a: Hitmontop|tox\n|\n|-heal|p2a: Bronzong|101/247|[from] item: Leftovers\n|-damage|p1a: Hitmontop|168/224 tox|[from] psn\n|upkeep\n|turn|15\n|\n|t:|1685136094\n|move|p2a: Bronzong|Protect|p2a: Bronzong\n|-singleturn|p2a: Bronzong|Protect\n|move|p1a: Hitmontop|Close Combat|p2a: Bronzong\n|-activate|p2a: Bronzong|move: Protect\n|\n|-heal|p2a: Bronzong|116/247|[from] item: Leftovers\n|-damage|p1a: Hitmontop|140/224 tox|[from] psn\n|upkeep\n|turn|16\n|\n|t:|1685136096\n|switch|p2a: Uxie|Uxie, L82|67/257\n|move|p1a: Hitmontop|Close Combat|p2a: Uxie\n|-resisted|p2a: Uxie\n|-damage|p2a: Uxie|22/257\n|-unboost|p1a: Hitmontop|def|1\n|-unboost|p1a: Hitmontop|spd|1\n|\n|-heal|p2a: Uxie|38/257|[from] item: Leftovers\n|-damage|p1a: Hitmontop|98/224 tox|[from] psn\n|upkeep\n|turn|17\n|\n|t:|1685136104\n|switch|p2a: Arcanine|Arcanine, L82, F|199/282\n|-ability|p2a: Arcanine|Intimidate|boost\n|-unboost|p1a: Hitmontop|atk|1\n|move|p1a: Hitmontop|Triple Axel|p2a: Arcanine\n|-resisted|p2a: Arcanine\n|-damage|p2a: Arcanine|191/282\n|-resisted|p2a: Arcanine\n|-damage|p2a: Arcanine|177/282\n|-resisted|p2a: Arcanine\n|-damage|p2a: Arcanine|155/282\n|-hitcount|p2a: Arcanine|3\n|\n|-damage|p1a: Hitmontop|42/224 tox|[from] psn\n|upkeep\n|turn|18\n|\n|t:|1685136107\n|switch|p1a: Araquanid|Araquanid, L80, M|107/240 tox\n|move|p2a: Arcanine|Morning Sun|p2a: Arcanine\n|-heal|p2a: Arcanine|282/282\n|\n|-damage|p1a: Araquanid|92/240 tox|[from] psn\n|upkeep\n|turn|19\n|\n|t:|1685136110\n|move|p2a: Arcanine|Wild Charge|p1a: Araquanid\n|-supereffective|p1a: Araquanid\n|-damage|p1a: Araquanid|0 fnt\n|faint|p1a: Araquanid\n|-damage|p2a: Arcanine|259/282|[from] Recoil\n|\n|upkeep\n|\n|t:|1685136127\n|switch|p1a: Flapple|Flapple, L84, F|255/255\n|turn|20\n|\n|t:|1685136144\n|move|p2a: Arcanine|Will-O-Wisp|p1a: Flapple|[miss]\n|-miss|p2a: Arcanine|p1a: Flapple\n|move|p1a: Flapple|Dragon Dance|p1a: Flapple\n|-boost|p1a: Flapple|atk|1\n|-boost|p1a: Flapple|spe|1\n|\n|upkeep\n|turn|21\n|c|\u2606MyPasswordIsPeePee|:(\n|\n|t:|1685136163\n|switch|p2a: Bronzong|Bronzong, L83|116/247\n|-start|p1a: Flapple|Dynamax|\n|-heal|p1a: Flapple|510/510|[silent]\n|move|p1a: Flapple|Max Wyrmwind|p2a: Bronzong\n|-resisted|p2a: Bronzong\n|-damage|p2a: Bronzong|0 fnt\n|faint|p2a: Bronzong\n|-damage|p1a: Flapple|485/510|[from] item: Life Orb\n|\n|upkeep\n|\n|t:|1685136170\n|switch|p2a: Hippowdon|Hippowdon, L80, M|304/304\n|-activate|p2a: Hippowdon|move: Sticky Web\n|-unboost|p2a: Hippowdon|spe|1\n|-weather|Sandstorm|[from] ability: Sand Stream|[of] p2a: Hippowdon\n|turn|22\n|\n|t:|1685136173\n|switch|p2a: Goodra|Goodra, L82, F|282/282\n|-activate|p2a: Goodra|move: Sticky Web\n|-unboost|p2a: Goodra|spe|1\n|move|p1a: Flapple|Max Overgrowth|p2a: Goodra\n|-ability|p2a: Goodra|Sap Sipper|boost\n|-boost|p2a: Goodra|atk|1\n|\n|-weather|Sandstorm|[upkeep]\n|-damage|p1a: Flapple|470/510|[from] Sandstorm\n|-damage|p2a: Goodra|265/282|[from] Sandstorm\n|upkeep\n|turn|23\n|\n|t:|1685136177\n|switch|p2a: Uxie|Uxie, L82|38/257\n|move|p1a: Flapple|Max Wyrmwind|p2a: Uxie\n|-damage|p2a: Uxie|0 fnt\n|faint|p2a: Uxie\n|-damage|p1a: Flapple|445/510|[from] item: Life Orb\n|\n|-weather|Sandstorm|[upkeep]\n|-damage|p1a: Flapple|430/510|[from] Sandstorm\n|upkeep\n|\n|t:|1685136179\n|switch|p2a: Arcanine|Arcanine, L82, F|259/282\n|-ability|p2a: Arcanine|Intimidate|boost\n|-unboost|p1a: Flapple|atk|1\n|-end|p1a: Flapple|Dynamax\n|-heal|p1a: Flapple|215/255|[silent]\n|turn|24\n|\n|t:|1685136183\n|move|p1a: Flapple|Outrage|p2a: Arcanine\n|-damage|p2a: Arcanine|0 fnt\n|faint|p2a: Arcanine\n|-damage|p1a: Flapple|190/255|[from] item: Life Orb\n|\n|-weather|Sandstorm|[upkeep]\n|-damage|p1a: Flapple|175/255|[from] Sandstorm\n|upkeep\n|\n|t:|1685136194\n|switch|p2a: Hippowdon|Hippowdon, L80, M|304/304\n|-activate|p2a: Hippowdon|move: Sticky Web\n|-unboost|p2a: Hippowdon|spe|1\n|turn|25\n|\n|t:|1685136197\n|move|p1a: Flapple|Outrage|p2a: Hippowdon|[from]lockedmove|[miss]\n|-miss|p1a: Flapple|p2a: Hippowdon\n|-start|p1a: Flapple|confusion|[fatigue]\n|move|p2a: Hippowdon|Toxic|p1a: Flapple\n|-status|p1a: Flapple|tox\n|\n|-weather|Sandstorm|[upkeep]\n|-damage|p1a: Flapple|160/255 tox|[from] Sandstorm\n|-damage|p1a: Flapple|145/255 tox|[from] psn\n|upkeep\n|turn|26\n|\n|t:|1685136201\n|switch|p2a: Goodra|Goodra, L82, F|265/282\n|-activate|p2a: Goodra|move: Sticky Web\n|-unboost|p2a: Goodra|spe|1\n|-activate|p1a: Flapple|confusion\n|move|p1a: Flapple|Grav Apple|p2a: Goodra\n|-ability|p2a: Goodra|Sap Sipper|boost\n|-boost|p2a: Goodra|atk|1\n|\n|-weather|none\n|-damage|p1a: Flapple|115/255 tox|[from] psn\n|upkeep\n|turn|27\n|\n|t:|1685136204\n|switch|p2a: Hippowdon|Hippowdon, L80, M|304/304\n|-activate|p2a: Hippowdon|move: Sticky Web\n|-unboost|p2a: Hippowdon|spe|1\n|-weather|Sandstorm|[from] ability: Sand Stream|[of] p2a: Hippowdon\n|-activate|p1a: Flapple|confusion\n|move|p1a: Flapple|Outrage|p2a: Hippowdon\n|-damage|p2a: Hippowdon|84/304\n|-damage|p1a: Flapple|90/255 tox|[from] item: Life Orb\n|\n|-weather|Sandstorm|[upkeep]\n|-damage|p1a: Flapple|75/255 tox|[from] Sandstorm\n|-heal|p2a: Hippowdon|103/304|[from] item: Leftovers\n|-damage|p1a: Flapple|30/255 tox|[from] psn\n|upkeep\n|turn|28\n|\n|t:|1685136208\n|-activate|p1a: Flapple|confusion\n|-damage|p1a: Flapple|0 fnt|[from] confusion\n|faint|p1a: Flapple\n|move|p2a: Hippowdon|Slack Off|p2a: Hippowdon\n|-heal|p2a: Hippowdon|255/304\n|\n|-weather|Sandstorm|[upkeep]\n|-heal|p2a: Hippowdon|274/304|[from] item: Leftovers\n|upkeep\n|\n|t:|1685136211\n|switch|p1a: Ninetales|Ninetales-Alola, L79, M|245/245\n|-weather|Hail|[from] ability: Snow Warning|[of] p1a: Ninetales\n|turn|29\n|\n|t:|1685136218\n|move|p1a: Ninetales|Nasty Plot|p1a: Ninetales\n|-boost|p1a: Ninetales|spa|2\n|move|p2a: Hippowdon|Toxic|p1a: Ninetales\n|-status|p1a: Ninetales|tox\n|\n|-weather|Hail|[upkeep]\n|-damage|p2a: Hippowdon|255/304|[from] Hail\n|-heal|p2a: Hippowdon|274/304|[from] item: Leftovers\n|-damage|p1a: Ninetales|230/245 tox|[from] psn\n|upkeep\n|turn|30\n|\n|t:|1685136244\n|switch|p2a: Goodra|Goodra, L82, F|265/282\n|-activate|p2a: Goodra|move: Sticky Web\n|-unboost|p2a: Goodra|spe|1\n|move|p1a: Ninetales|Blizzard|p2a: Goodra\n|-supereffective|p2a: Goodra\n|-damage|p2a: Goodra|17/282\n|\n|-weather|Hail|[upkeep]\n|-damage|p2a: Goodra|0 fnt|[from] Hail\n|faint|p2a: Goodra\n|-damage|p1a: Ninetales|200/245 tox|[from] psn\n|upkeep\n|\n|t:|1685136246\n|switch|p2a: Hippowdon|Hippowdon, L80, M|274/304\n|-activate|p2a: Hippowdon|move: Sticky Web\n|-unboost|p2a: Hippowdon|spe|1\n|-weather|Sandstorm|[from] ability: Sand Stream|[of] p2a: Hippowdon\n|turn|31\n|\n|t:|1685136263\n|-start|p2a: Hippowdon|Dynamax|\n|-heal|p2a: Hippowdon|548/608|[silent]\n|move|p1a: Ninetales|Freeze-Dry|p2a: Hippowdon\n|-supereffective|p2a: Hippowdon\n|-damage|p2a: Hippowdon|282/608\n|move|p2a: Hippowdon|Max Quake|p1a: Ninetales\n|-damage|p1a: Ninetales|37/245 tox\n|-boost|p2a: Hippowdon|spd|1\n|\n|-weather|Sandstorm|[upkeep]\n|-damage|p1a: Ninetales|22/245 tox|[from] Sandstorm\n|-heal|p2a: Hippowdon|301/608|[from] item: Leftovers\n|-damage|p1a: Ninetales|0 fnt|[from] psn\n|faint|p1a: Ninetales\n|upkeep\n|\n|t:|1685136268\n|switch|p1a: Hitmontop|Hitmontop, L85, M|42/224 tox\n|turn|32\n|\n|t:|1685136288\n|move|p1a: Hitmontop|Triple Axel|p2a: Hippowdon\n|-supereffective|p2a: Hippowdon\n|-damage|p2a: Hippowdon|265/608\n|-supereffective|p2a: Hippowdon\n|-damage|p2a: Hippowdon|197/608\n|-supereffective|p2a: Hippowdon\n|-damage|p2a: Hippowdon|79/608\n|-hitcount|p2a: Hippowdon|3\n|move|p2a: Hippowdon|Max Quake|p1a: Hitmontop\n|-damage|p1a: Hitmontop|0 fnt\n|-boost|p2a: Hippowdon|spd|1\n|faint|p1a: Hitmontop\n|\n|-weather|Sandstorm|[upkeep]\n|-heal|p2a: Hippowdon|98/608|[from] item: Leftovers\n|upkeep\n|\n|t:|1685136295\n|switch|p1a: Copperajah|Copperajah, L84, M|297/342\n|turn|33\n|\n|t:|1685136298\n|move|p1a: Copperajah|Power Whip|p2a: Hippowdon\n|-supereffective|p2a: Hippowdon\n|-damage|p2a: Hippowdon|0 fnt\n|faint|p2a: Hippowdon\n|\n|win|gareeb adani\n|raw|gareeb adani's rating: 1472 &rarr; <strong>1503</strong><br />(+31 for winning)\n|raw|MyPasswordIsPeePee's rating: 1685 &rarr; <strong>1654</strong><br />(-31 for losing)\n", "inputlog": ">version 61c68e60481ef09071210320730fc448fef50368\n>start {\"formatid\":\"gen8randombattle\",\"seed\":[7806,60188,18726,4337],\"rated\":\"Rated battle\"}\n>player p1 {\"name\":\"gareeb adani\",\"avatar\":\"2\",\"rating\":1493,\"seed\":[40084,14385,112,1785]}\n>player p2 {\"name\":\"MyPasswordIsPeePee\",\"avatar\":\"266\",\"rating\":1685,\"seed\":[36759,20726,33747,48943]}\n>p1 switch 6\n>p2 move earthquake\n>p1 move waterfall\n>p2 switch 6\n>p1 switch 6\n>p2 move psychic\n>p1 move powerwhip\n>p2 move stealthrock\n>p1 move powerwhip\n>p2 switch 3\n>p1 switch 6\n>p2 move flareblitz\n>p1 move waterfall\n>p2 move flareblitz\n>p1 switch 3\n>p1 move stickyweb\n>p2 switch 2\n>p1 move liquidation\n>p2 move spikes\n>p1 move liquidation\n>p2 move toxic\n>p2 switch 4\n>p1 move liquidation\n>p2 move protect\n>p1 move liquidation\n>p2 move ironhead\n>p1 switch 5\n>p2 move protect\n>p1 move rapidspin\n>p2 move toxic\n>p1 move closecombat\n>p2 move protect\n>p1 move closecombat\n>p2 switch 3\n>p1 move tripleaxel\n>p2 switch 2\n>p1 switch 5\n>p2 move morningsun\n>p1 move liquidation\n>p2 move wildcharge\n>p1 switch 2\n>p1 move dragondance\n>p2 move willowisp\n>chat \u2606MyPasswordIsPeePee|:(\n>p1 move outrage dynamax\n>p2 switch 3\n>p2 switch 6\n>p1 move gravapple dynamax\n>p2 switch 5\n>p1 move outrage dynamax\n>p2 switch 2\n>p2 switch 3\n>p1 move outrage\n>p2 move willowisp\n>p2 switch 5\n>p1 move outrage\n>p2 move toxic\n>p1 move gravapple\n>p2 switch 2\n>p1 move outrage\n>p2 switch 2\n>p1 move outrage\n>p2 move slackoff\n>p1 switch 4\n>p1 move nastyplot\n>p2 move toxic\n>p1 move blizzard\n>p2 switch 2\n>p2 switch 2\n>p1 move freezedry\n>p2 move earthquake dynamax\n>p1 switch 5\n>p1 move tripleaxel\n>p2 move earthquake dynamax\n>p1 switch 6\n>p1 move powerwhip\n>p2 move earthquake dynamax", "uploadtime": 1685136300, "views": 5, "p1id": "gareebadani", "p2id": "mypasswordispeepee", "formatid": "gen8randombattle", "rating": 1503, "private": 0, "password": ""}