{"id": "gen8randombattle-1865652003", "p1": "Stupidlly_funny", "p2": "halderaditya69", "format": "[Gen 8] Random Battle", "log": "|j|\u2606Stupidlly_funny\n|j|\u2606halderaditya69\n|t:|1684324122\n|gametype|singles\n|player|p1|Stupidlly_funny|bellelba|1106\n|player|p2|halderaditya69|1|1115\n|teamsize|p1|6\n|teamsize|p2|6\n|gen|8\n|tier|[Gen 8] Random Battle\n|rated|\n|rule|Species Clause: Limit one of each Pok\u00e9mon\n|rule|HP Percentage Mod: HP is shown in percentages\n|rule|Sleep Clause Mod: Limit one foe put to sleep\n|\n|t:|1684324122\n|start\n|switch|p1a: Glalie|Glalie, L80, F|259/259\n|switch|p2a: Garchomp|Garchomp, L74, M|282/282\n|turn|1\n|inactive|Battle timer is ON: inactive players will automatically lose when time's up. (requested by Stupidlly_funny)\n|\n|t:|1684324139\n|switch|p2a: Metagross|Metagross, L79|256/256\n|move|p1a: Glalie|Substitute|p1a: Glalie\n|-start|p1a: Glalie|Substitute\n|-damage|p1a: Glalie|195/259\n|\n|-heal|p1a: Glalie|211/259|[from] item: Leftovers\n|-ability|p1a: Glalie|Moody|boost\n|-boost|p1a: Glalie|spd|2\n|-unboost|p1a: Glalie|def|1\n|upkeep\n|turn|2\n|\n|t:|1684324152\n|move|p1a: Glalie|Protect|p1a: Glalie\n|-singleturn|p1a: Glalie|Protect\n|move|p2a: Metagross|Agility|p2a: Metagross\n|-boost|p2a: Metagross|spe|2\n|\n|-heal|p1a: Glalie|227/259|[from] item: Leftovers\n|-ability|p1a: Glalie|Moody|boost\n|-boost|p1a: Glalie|spe|2\n|-unboost|p1a: Glalie|def|1\n|upkeep\n|turn|3\n|\n|t:|1684324161\n|move|p1a: Glalie|Protect||[still]\n|-fail|p1a: Glalie\n|move|p2a: Metagross|Agility|p2a: Metagross\n|-boost|p2a: Metagross|spe|2\n|\n|-heal|p1a: Glalie|243/259|[from] item: Leftovers\n|-ability|p1a: Glalie|Moody|boost\n|-boost|p1a: Glalie|spe|2\n|-unboost|p1a: Glalie|atk|1\n|upkeep\n|turn|4\n|\n|t:|1684324169\n|move|p1a: Glalie|Freeze-Dry|p2a: Metagross\n|-resisted|p2a: Metagross\n|-damage|p2a: Metagross|225/256\n|move|p2a: Metagross|Agility|p2a: Metagross\n|-boost|p2a: Metagross|spe|2\n|\n|-heal|p1a: Glalie|259/259|[from] item: Leftovers\n|-ability|p1a: Glalie|Moody|boost\n|-boost|p1a: Glalie|def|2\n|-unboost|p1a: Glalie|spd|1\n|upkeep\n|turn|5\n|\n|t:|1684324184\n|move|p2a: Metagross|Earthquake|p1a: Glalie\n|-end|p1a: Glalie|Substitute\n|move|p1a: Glalie|Freeze-Dry|p2a: Metagross\n|-resisted|p2a: Metagross\n|-damage|p2a: Metagross|196/256\n|\n|-ability|p1a: Glalie|Moody|boost\n|-boost|p1a: Glalie|def|2\n|-unboost|p1a: Glalie|spd|1\n|upkeep\n|turn|6\n|\n|t:|1684324198\n|move|p1a: Glalie|Protect|p1a: Glalie\n|-singleturn|p1a: Glalie|Protect\n|move|p2a: Metagross|Meteor Mash|p1a: Glalie\n|-activate|p1a: Glalie|move: Protect\n|\n|-ability|p1a: Glalie|Moody|boost\n|-boost|p1a: Glalie|def|2\n|-unboost|p1a: Glalie|atk|1\n|upkeep\n|turn|7\n|\n|t:|1684324204\n|move|p2a: Metagross|Meteor Mash|p1a: Glalie\n|-supereffective|p1a: Glalie\n|-damage|p1a: Glalie|167/259\n|-boost|p2a: Metagross|atk|1\n|move|p1a: Glalie|Disable|p2a: Metagross\n|-start|p2a: Metagross|Disable|Meteor Mash\n|\n|-heal|p1a: Glalie|183/259|[from] item: Leftovers\n|-ability|p1a: Glalie|Moody|boost\n|-boost|p1a: Glalie|spd|2\n|-unboost|p1a: Glalie|def|1\n|upkeep\n|turn|8\n|\n|t:|1684324217\n|move|p1a: Glalie|Protect|p1a: Glalie\n|-singleturn|p1a: Glalie|Protect\n|move|p2a: Metagross|Thunder Punch|p1a: Glalie\n|-activate|p1a: Glalie|move: Protect\n|\n|-heal|p1a: Glalie|199/259|[from] item: Leftovers\n|-ability|p1a: Glalie|Moody|boost\n|-boost|p1a: Glalie|def|2\n|-unboost|p1a: Glalie|atk|1\n|upkeep\n|turn|9\n|\n|t:|1684324232\n|move|p2a: Metagross|Thunder Punch|p1a: Glalie\n|-damage|p1a: Glalie|171/259\n|move|p1a: Glalie|Substitute|p1a: Glalie\n|-start|p1a: Glalie|Substitute\n|-damage|p1a: Glalie|107/259\n|\n|-heal|p1a: Glalie|123/259|[from] item: Leftovers\n|-ability|p1a: Glalie|Moody|boost\n|-boost|p1a: Glalie|spe|2\n|-unboost|p1a: Glalie|spd|1\n|upkeep\n|turn|10\n|\n|t:|1684324241\n|move|p1a: Glalie|Protect|p1a: Glalie\n|-singleturn|p1a: Glalie|Protect\n|move|p2a: Metagross|Earthquake|p1a: Glalie\n|-activate|p1a: Glalie|move: Protect\n|\n|-heal|p1a: Glalie|139/259|[from] item: Leftovers\n|-ability|p1a: Glalie|Moody|boost\n|-boost|p1a: Glalie|def|1\n|-unboost|p1a: Glalie|spe|1\n|upkeep\n|turn|11\n|\n|t:|1684324256\n|move|p2a: Metagross|Earthquake|p1a: Glalie\n|-activate|p1a: Glalie|move: Substitute|[damage]\n|move|p1a: Glalie|Freeze-Dry|p2a: Metagross\n|-resisted|p2a: Metagross\n|-damage|p2a: Metagross|164/256\n|\n|-heal|p1a: Glalie|155/259|[from] item: Leftovers\n|-end|p2a: Metagross|Disable\n|-ability|p1a: Glalie|Moody|boost\n|-boost|p1a: Glalie|spe|1\n|-unboost|p1a: Glalie|def|1\n|upkeep\n|turn|12\n|\n|t:|1684324267\n|move|p1a: Glalie|Protect|p1a: Glalie\n|-singleturn|p1a: Glalie|Protect\n|move|p2a: Metagross|Meteor Mash|p1a: Glalie\n|-activate|p1a: Glalie|move: Protect\n|\n|-heal|p1a: Glalie|171/259|[from] item: Leftovers\n|-ability|p1a: Glalie|Moody|boost\n|-boost|p1a: Glalie|atk|2\n|-unboost|p1a: Glalie|spd|1\n|upkeep\n|turn|13\n|\n|t:|1684324286\n|-start|p2a: Metagross|Dynamax|\n|-heal|p2a: Metagross|328/512|[silent]\n|move|p1a: Glalie|Disable|p2a: Metagross\n|-start|p2a: Metagross|Disable|Meteor Mash\n|move|p2a: Metagross|Max Quake|p1a: Glalie\n|-end|p1a: Glalie|Substitute\n|-boost|p2a: Metagross|spd|1\n|\n|-heal|p1a: Glalie|187/259|[from] item: Leftovers\n|-ability|p1a: Glalie|Moody|boost\n|-boost|p1a: Glalie|def|1\n|-unboost|p1a: Glalie|atk|1\n|upkeep\n|turn|14\n|\n|t:|1684324296\n|move|p1a: Glalie|Substitute|p1a: Glalie\n|-start|p1a: Glalie|Substitute\n|-damage|p1a: Glalie|123/259\n|move|p2a: Metagross|Max Steelspike|p1a: Glalie\n|-supereffective|p1a: Glalie\n|-end|p1a: Glalie|Substitute\n|-boost|p2a: Metagross|def|1\n|\n|-heal|p1a: Glalie|139/259|[from] item: Leftovers\n|-ability|p1a: Glalie|Moody|boost\n|-boost|p1a: Glalie|atk|2\n|-unboost|p1a: Glalie|def|1\n|upkeep\n|turn|15\n|\n|t:|1684324308\n|move|p1a: Glalie|Substitute|p1a: Glalie\n|-start|p1a: Glalie|Substitute\n|-damage|p1a: Glalie|75/259\n|move|p2a: Metagross|Max Quake|p1a: Glalie\n|-activate|p1a: Glalie|move: Substitute|[damage]\n|-boost|p2a: Metagross|spd|1\n|\n|-heal|p1a: Glalie|91/259|[from] item: Leftovers\n|-ability|p1a: Glalie|Moody|boost\n|-boost|p1a: Glalie|spd|2\n|-unboost|p1a: Glalie|spa|1\n|upkeep\n|-end|p2a: Metagross|Dynamax\n|-heal|p2a: Metagross|164/256|[silent]\n|turn|16\n|\n|t:|1684324317\n|move|p1a: Glalie|Freeze-Dry|p2a: Metagross\n|-resisted|p2a: Metagross\n|-damage|p2a: Metagross|154/256\n|move|p2a: Metagross|Earthquake|p1a: Glalie\n|-end|p1a: Glalie|Substitute\n|\n|-heal|p1a: Glalie|107/259|[from] item: Leftovers\n|-end|p2a: Metagross|Disable\n|-ability|p1a: Glalie|Moody|boost\n|-boost|p1a: Glalie|def|1\n|-unboost|p1a: Glalie|spe|1\n|upkeep\n|turn|17\n|\n|t:|1684324328\n|move|p1a: Glalie|Protect|p1a: Glalie\n|-singleturn|p1a: Glalie|Protect\n|move|p2a: Metagross|Meteor Mash|p1a: Glalie\n|-activate|p1a: Glalie|move: Protect\n|\n|-heal|p1a: Glalie|123/259|[from] item: Leftovers\n|-ability|p1a: Glalie|Moody|boost\n|-boost|p1a: Glalie|atk|2\n|-unboost|p1a: Glalie|spa|1\n|upkeep\n|turn|18\n|inactive|halderaditya69 has 120 seconds left.\n|\n|t:|1684324364\n|move|p2a: Metagross|Meteor Mash|p1a: Glalie|[miss]\n|-miss|p2a: Metagross|p1a: Glalie\n|move|p1a: Glalie|Substitute|p1a: Glalie\n|-start|p1a: Glalie|Substitute\n|-damage|p1a: Glalie|59/259\n|\n|-heal|p1a: Glalie|75/259|[from] item: Leftovers\n|-ability|p1a: Glalie|Moody|boost\n|-boost|p1a: Glalie|spd|2\n|-unboost|p1a: Glalie|spa|1\n|upkeep\n|turn|19\n|inactive|halderaditya69 has 120 seconds left.\n|\n|t:|1684324370\n|move|p1a: Glalie|Protect|p1a: Glalie\n|-singleturn|p1a: Glalie|Protect\n|move|p2a: Metagross|Earthquake|p1a: Glalie\n|-activate|p1a: Glalie|move: Protect\n|\n|-heal|p1a: Glalie|91/259|[from] item: Leftovers\n|-ability|p1a: Glalie|Moody|boost\n|-boost|p1a: Glalie|spe|1\n|-unboost|p1a: Glalie|spa|1\n|upkeep\n|turn|20\n|\n|t:|1684324377\n|move|p1a: Glalie|Disable|p2a: Metagross\n|-start|p2a: Metagross|Disable|Earthquake\n|cant|p2a: Metagross|Disable|Earthquake\n|\n|-heal|p1a: Glalie|107/259|[from] item: Leftovers\n|-ability|p1a: Glalie|Moody|boost\n|-boost|p1a: Glalie|atk|2\n|-unboost|p1a: Glalie|spa|1\n|upkeep\n|turn|21\n|\n|t:|1684324386\n|move|p1a: Glalie|Protect|p1a: Glalie\n|-singleturn|p1a: Glalie|Protect\n|move|p2a: Metagross|Meteor Mash|p1a: Glalie\n|-activate|p1a: Glalie|move: Protect\n|\n|-heal|p1a: Glalie|123/259|[from] item: Leftovers\n|-ability|p1a: Glalie|Moody|boost\n|-boost|p1a: Glalie|spd|2\n|-unboost|p1a: Glalie|spa|1\n|upkeep\n|turn|22\n|inactive|halderaditya69 has 120 seconds left.\n|\n|t:|1684324409\n|move|p1a: Glalie|Freeze-Dry|p2a: Metagross\n|-resisted|p2a: Metagross\n|-damage|p2a: Metagross|150/256\n|move|p2a: Metagross|Meteor Mash|p1a: Glalie\n|-supereffective|p1a: Glalie\n|-end|p1a: Glalie|Substitute\n|-boost|p2a: Metagross|atk|1\n|\n|-heal|p1a: Glalie|139/259|[from] item: Leftovers\n|-ability|p1a: Glalie|Moody|boost\n|-boost|p1a: Glalie|atk|2\n|-unboost|p1a: Glalie|spe|1\n|upkeep\n|turn|23\n|inactive|halderaditya69 has 120 seconds left.\n|\n|t:|1684324419\n|move|p1a: Glalie|Protect|p1a: Glalie\n|-singleturn|p1a: Glalie|Protect\n|move|p2a: Metagross|Thunder Punch|p1a: Glalie\n|-activate|p1a: Glalie|move: Protect\n|\n|-heal|p1a: Glalie|155/259|[from] item: Leftovers\n|-end|p2a: Metagross|Disable\n|-ability|p1a: Glalie|Moody|boost\n|-boost|p1a: Glalie|spe|1\n|-unboost|p1a: Glalie|def|1\n|upkeep\n|turn|24\n|\n|t:|1684324426\n|move|p1a: Glalie|Substitute|p1a: Glalie\n|-start|p1a: Glalie|Substitute\n|-damage|p1a: Glalie|91/259\n|move|p2a: Metagross|Meteor Mash|p1a: Glalie\n|-supereffective|p1a: Glalie\n|-end|p1a: Glalie|Substitute\n|\n|-heal|p1a: Glalie|107/259|[from] item: Leftovers\n|-ability|p1a: Glalie|Moody|boost\n|-boost|p1a: Glalie|spa|2\n|-unboost|p1a: Glalie|spd|1\n|upkeep\n|turn|25\n|\n|t:|1684324435\n|move|p1a: Glalie|Protect|p1a: Glalie\n|-singleturn|p1a: Glalie|Protect\n|move|p2a: Metagross|Meteor Mash|p1a: Glalie\n|-activate|p1a: Glalie|move: Protect\n|\n|-heal|p1a: Glalie|123/259|[from] item: Leftovers\n|-ability|p1a: Glalie|Moody|boost\n|-boost|p1a: Glalie|spa|2\n|-unboost|p1a: Glalie|spe|1\n|upkeep\n|turn|26\n|\n|t:|1684324443\n|move|p2a: Metagross|Meteor Mash|p1a: Glalie\n|-supereffective|p1a: Glalie\n|-damage|p1a: Glalie|0 fnt\n|faint|p1a: Glalie\n|\n|upkeep\n|\n|t:|1684324458\n|switch|p1a: Azumarill|Azumarill, L84, F|305/305\n|turn|27\n|\n|t:|1684324468\n|move|p1a: Azumarill|Aqua Jet|p2a: Metagross\n|-damage|p2a: Metagross|111/256\n|move|p2a: Metagross|Thunder Punch|p1a: Azumarill\n|-supereffective|p1a: Azumarill\n|-damage|p1a: Azumarill|25/305\n|\n|upkeep\n|turn|28\n|\n|t:|1684324479\n|move|p1a: Azumarill|Aqua Jet|p2a: Metagross\n|-damage|p2a: Metagross|66/256\n|move|p2a: Metagross|Thunder Punch|p1a: Azumarill\n|-supereffective|p1a: Azumarill\n|-damage|p1a: Azumarill|0 fnt\n|faint|p1a: Azumarill\n|\n|upkeep\n|\n|t:|1684324488\n|switch|p1a: Rhyperior|Rhyperior, L82, M|323/323\n|turn|29\n|\n|t:|1684324493\n|-start|p1a: Rhyperior|Dynamax|\n|-heal|p1a: Rhyperior|646/646|[silent]\n|move|p2a: Metagross|Meteor Mash|p1a: Rhyperior\n|-supereffective|p1a: Rhyperior\n|-damage|p1a: Rhyperior|394/646\n|move|p1a: Rhyperior|Max Quake|p2a: Metagross\n|-supereffective|p2a: Metagross\n|-damage|p2a: Metagross|0 fnt\n|-boost|p1a: Rhyperior|spd|1\n|faint|p2a: Metagross\n|\n|upkeep\n|\n|t:|1684324511\n|switch|p2a: Wobbuffet|Wobbuffet, L92, F|499/499\n|turn|30\n|\n|t:|1684324520\n|move|p1a: Rhyperior|Max Rockfall|p2a: Wobbuffet\n|-damage|p2a: Wobbuffet|288/499\n|-weather|Sandstorm\n|move|p2a: Wobbuffet|Counter|p1a: Rhyperior\n|-damage|p1a: Rhyperior|0 fnt\n|faint|p1a: Rhyperior\n|\n|-weather|Sandstorm|[upkeep]\n|-damage|p2a: Wobbuffet|257/499|[from] Sandstorm\n|upkeep\n|\n|t:|1684324540\n|switch|p1a: Stunfisk|Stunfisk, L84, M|320/320\n|turn|31\n|\n|t:|1684324555\n|move|p2a: Wobbuffet|Charm|p1a: Stunfisk\n|-unboost|p1a: Stunfisk|atk|2\n|move|p1a: Stunfisk|Sludge Bomb|p2a: Wobbuffet\n|-damage|p2a: Wobbuffet|192/499\n|-status|p2a: Wobbuffet|psn\n|-enditem|p2a: Wobbuffet|Sitrus Berry|[eat]\n|-heal|p2a: Wobbuffet|316/499 psn|[from] item: Sitrus Berry\n|\n|-weather|Sandstorm|[upkeep]\n|-damage|p2a: Wobbuffet|285/499 psn|[from] Sandstorm\n|-damage|p2a: Wobbuffet|223/499 psn|[from] psn\n|upkeep\n|turn|32\n|\n|t:|1684324577\n|move|p1a: Stunfisk|Sludge Bomb|p2a: Wobbuffet\n|-damage|p2a: Wobbuffet|152/499 psn\n|move|p2a: Wobbuffet|Counter||[still]\n|-fail|p2a: Wobbuffet\n|\n|-weather|Sandstorm|[upkeep]\n|-damage|p2a: Wobbuffet|121/499 psn|[from] Sandstorm\n|-damage|p2a: Wobbuffet|59/499 psn|[from] psn\n|upkeep\n|turn|33\n|\n|t:|1684324587\n|move|p1a: Stunfisk|Sludge Bomb|p2a: Wobbuffet\n|-damage|p2a: Wobbuffet|0 fnt\n|faint|p2a: Wobbuffet\n|\n|-weather|Sandstorm|[upkeep]\n|upkeep\n|\n|t:|1684324595\n|switch|p2a: Sandslash|Sandslash-Alola, L86, M|269/269\n|turn|34\n|inactive|halderaditya69 has 120 seconds left.\n|\n|t:|1684324618\n|move|p2a: Sandslash|Rapid Spin|p1a: Stunfisk\n|-damage|p1a: Stunfisk|278/320\n|-boost|p2a: Sandslash|spe|1\n|move|p1a: Stunfisk|Sludge Bomb|p2a: Sandslash\n|-immune|p2a: Sandslash\n|\n|-weather|none\n|upkeep\n|turn|35\n|\n|t:|1684324625\n|move|p2a: Sandslash|Rapid Spin|p1a: Stunfisk\n|-damage|p1a: Stunfisk|238/320\n|-boost|p2a: Sandslash|spe|1\n|-status|p2a: Sandslash|par|[from] ability: Static|[of] p1a: Stunfisk\n|-enditem|p2a: Sandslash|Lum Berry|[eat]\n|-curestatus|p2a: Sandslash|par|[msg]\n|move|p1a: Stunfisk|Earth Power|p2a: Sandslash\n|-supereffective|p2a: Sandslash\n|-damage|p2a: Sandslash|75/269\n|\n|upkeep\n|turn|36\n|inactive|halderaditya69 has 120 seconds left.\n|\n|t:|1684324642\n|move|p2a: Sandslash|Iron Head|p1a: Stunfisk\n|-resisted|p1a: Stunfisk\n|-damage|p1a: Stunfisk|190/320\n|-status|p2a: Sandslash|par|[from] ability: Static|[of] p1a: Stunfisk\n|move|p1a: Stunfisk|Earth Power|p2a: Sandslash\n|-supereffective|p2a: Sandslash\n|-damage|p2a: Sandslash|0 fnt\n|faint|p2a: Sandslash\n|\n|upkeep\n|inactive|halderaditya69 has 120 seconds left.\n|\n|t:|1684324650\n|switch|p2a: Tapu Bulu|Tapu Bulu, L82|249/249\n|-fieldstart|move: Grassy Terrain|[from] ability: Grassy Surge|[of] p2a: Tapu Bulu\n|turn|37\n|\n|t:|1684324660\n|switch|p1a: Xatu|Xatu, L89, M|260/260\n|move|p2a: Tapu Bulu|Horn Leech|p1a: Xatu\n|-resisted|p1a: Xatu\n|-damage|p1a: Xatu|148/260\n|\n|upkeep\n|turn|38\n|\n|t:|1684324669\n|move|p1a: Xatu|Thunder Wave|p2a: Tapu Bulu\n|-status|p2a: Tapu Bulu|par\n|move|p2a: Tapu Bulu|Horn Leech|p1a: Xatu\n|-resisted|p1a: Xatu\n|-crit|p1a: Xatu\n|-damage|p1a: Xatu|0 fnt\n|faint|p1a: Xatu\n|\n|upkeep\n|\n|t:|1684324677\n|switch|p1a: Kyurem|Kyurem, L80|331/331\n|-ability|p1a: Kyurem|Pressure\n|turn|39\n|\n|t:|1684324695\n|switch|p2a: Marshadow|Marshadow, L70|242/242\n|move|p1a: Kyurem|Substitute|p1a: Kyurem\n|-start|p1a: Kyurem|Substitute\n|-damage|p1a: Kyurem|249/331\n|\n|-heal|p1a: Kyurem|269/331|[from] Grassy Terrain\n|upkeep\n|turn|40\n|\n|t:|1684324707\n|move|p2a: Marshadow|Ice Punch|p1a: Kyurem\n|-activate|p1a: Kyurem|move: Substitute|[damage]\n|move|p1a: Kyurem|Earth Power|p2a: Marshadow\n|-damage|p2a: Marshadow|154/242\n|\n|-heal|p2a: Marshadow|169/242|[from] Grassy Terrain\n|-heal|p1a: Kyurem|289/331|[from] Grassy Terrain\n|upkeep\n|turn|41\n|\n|t:|1684324717\n|switch|p2a: Tapu Bulu|Tapu Bulu, L82|249/249 par\n|move|p1a: Kyurem|Earth Power|p2a: Tapu Bulu\n|-resisted|p2a: Tapu Bulu\n|-damage|p2a: Tapu Bulu|210/249 par\n|\n|-heal|p1a: Kyurem|309/331|[from] Grassy Terrain\n|-heal|p2a: Tapu Bulu|225/249 par|[from] Grassy Terrain\n|-fieldend|move: Grassy Terrain\n|upkeep\n|turn|42\n|\n|t:|1684324728\n|move|p1a: Kyurem|Ice Beam|p2a: Tapu Bulu\n|-supereffective|p2a: Tapu Bulu\n|-damage|p2a: Tapu Bulu|7/249 par\n|move|p2a: Tapu Bulu|Horn Leech|p1a: Kyurem\n|-resisted|p1a: Kyurem\n|-end|p1a: Kyurem|Substitute\n|-heal|p2a: Tapu Bulu|13/249 par|[from] drain|[of] p1a: Kyurem\n|\n|upkeep\n|turn|43\n|\n|t:|1684324743\n|move|p1a: Kyurem|Substitute|p1a: Kyurem\n|-start|p1a: Kyurem|Substitute\n|-damage|p1a: Kyurem|227/331\n|move|p2a: Tapu Bulu|Horn Leech|p1a: Kyurem\n|-resisted|p1a: Kyurem\n|-crit|p1a: Kyurem\n|-end|p1a: Kyurem|Substitute\n|-heal|p2a: Tapu Bulu|54/249 par|[from] drain|[of] p1a: Kyurem\n|\n|upkeep\n|turn|44\n|\n|t:|1684324753\n|move|p1a: Kyurem|Substitute|p1a: Kyurem\n|-start|p1a: Kyurem|Substitute\n|-damage|p1a: Kyurem|145/331\n|cant|p2a: Tapu Bulu|par\n|\n|upkeep\n|turn|45\n|\n|t:|1684324760\n|move|p1a: Kyurem|Roost|p1a: Kyurem\n|-heal|p1a: Kyurem|311/331\n|-singleturn|p1a: Kyurem|move: Roost\n|move|p2a: Tapu Bulu|Horn Leech|p1a: Kyurem\n|-resisted|p1a: Kyurem\n|-activate|p1a: Kyurem|move: Substitute|[damage]\n|-heal|p2a: Tapu Bulu|92/249 par|[from] drain|[of] p1a: Kyurem\n|\n|upkeep\n|turn|46\n|\n|t:|1684324774\n|move|p1a: Kyurem|Ice Beam|p2a: Tapu Bulu\n|-supereffective|p2a: Tapu Bulu\n|-damage|p2a: Tapu Bulu|0 fnt\n|faint|p2a: Tapu Bulu\n|\n|upkeep\n|\n|t:|1684324782\n|switch|p2a: Garchomp|Garchomp, L74, M|282/282\n|turn|47\n|\n|t:|1684324790\n|move|p1a: Kyurem|Ice Beam|p2a: Garchomp\n|-supereffective|p2a: Garchomp\n|-damage|p2a: Garchomp|0 fnt\n|faint|p2a: Garchomp\n|\n|upkeep\n|\n|t:|1684324795\n|switch|p2a: Marshadow|Marshadow, L70|169/242\n|turn|48\n|\n|t:|1684324802\n|move|p2a: Marshadow|Ice Punch|p1a: Kyurem\n|-end|p1a: Kyurem|Substitute\n|move|p1a: Kyurem|Earth Power|p2a: Marshadow\n|-damage|p2a: Marshadow|89/242\n|\n|upkeep\n|turn|49\n|\n|t:|1684324810\n|move|p2a: Marshadow|Ice Punch|p1a: Kyurem\n|-damage|p1a: Kyurem|234/331\n|move|p1a: Kyurem|Earth Power|p2a: Marshadow\n|-damage|p2a: Marshadow|8/242\n|\n|upkeep\n|turn|50\n|\n|t:|1684324817\n|move|p2a: Marshadow|Ice Punch|p1a: Kyurem\n|-damage|p1a: Kyurem|161/331\n|move|p1a: Kyurem|Earth Power|p2a: Marshadow\n|-damage|p2a: Marshadow|0 fnt\n|faint|p2a: Marshadow\n|\n|win|Stupidlly_funny\n|raw|Stupidlly_funny's rating: 1106 &rarr; <strong>1132</strong><br />(+26 for winning)\n|raw|halderaditya69's rating: 1115 &rarr; <strong>1089</strong><br />(-26 for losing)\n", "inputlog": ">version 3f967b429d9dd76d8eb692efdd7dfe9038092d20\n>start {\"formatid\":\"gen8randombattle\",\"seed\":[31939,19020,22433,36351],\"rated\":\"Rated battle\"}\n>player p1 {\"name\":\"Stupidlly_funny\",\"avatar\":\"bellelba\",\"rating\":1106,\"seed\":[20286,54527,46348,46873]}\n>player p2 {\"name\":\"halderaditya69\",\"avatar\":\"1\",\"rating\":1115,\"seed\":[23480,1081,23404,59886]}\n>p1 move substitute\n>p2 switch 4\n>p1 move protect\n>p2 move agility\n>p1 move protect\n>p2 move agility\n>p1 move freezedry\n>p2 move agility\n>p1 move freezedry\n>p2 move earthquake\n>p1 move protect\n>p2 move meteormash\n>p1 move disable\n>p2 move meteormash\n>p1 move protect\n>p2 move thunderpunch\n>p1 move substitute\n>p2 move thunderpunch\n>p1 move protect\n>p2 move earthquake\n>p1 move freezedry\n>p2 move earthquake\n>p1 move protect\n>p2 move meteormash\n>p1 move disable\n>p2 move earthquake dynamax\n>p1 move substitute\n>p2 move meteormash dynamax\n>p1 move substitute\n>p2 move earthquake dynamax\n>p1 move freezedry\n>p2 move earthquake\n>p1 move protect\n>p2 move meteormash\n>p1 move substitute\n>p2 move meteormash\n>p1 move protect\n>p2 move earthquake\n>p1 move disable\n>p2 move earthquake\n>p1 move protect\n>p2 move meteormash\n>p1 move freezedry\n>p2 move meteormash\n>p1 move protect\n>p2 move thunderpunch\n>p1 move substitute\n>p2 move meteormash\n>p1 move protect\n>p2 move meteormash\n>p1 move disable\n>p2 move meteormash\n>p1 switch 6\n>p1 move aquajet\n>p2 move thunderpunch\n>p1 move aquajet\n>p2 move thunderpunch\n>p1 switch 5\n>p1 move earthquake dynamax\n>p2 move meteormash\n>p2 switch 3\n>p1 move stoneedge dynamax\n>p2 move counter\n>p1 switch 2\n>p1 move sludgebomb\n>p2 move charm\n>p1 move sludgebomb\n>p2 move counter\n>p1 move sludgebomb\n>p2 move mirrorcoat\n>p2 switch 5\n>p1 move sludgebomb\n>p2 move rapidspin\n>p1 move earthpower\n>p2 move rapidspin\n>p1 move earthpower\n>p2 move ironhead\n>p2 switch 2\n>p1 switch 3\n>p2 move hornleech\n>p1 move thunderwave\n>p2 move hornleech\n>p1 switch 4\n>p1 move substitute\n>p2 switch 6\n>p1 move earthpower\n>p2 move icepunch\n>p1 move earthpower\n>p2 switch 6\n>p1 move icebeam\n>p2 move hornleech\n>p1 move substitute\n>p2 move hornleech\n>p1 move substitute\n>p2 move hornleech\n>p1 move roost\n>p2 move hornleech\n>p1 move icebeam\n>p2 move hornleech\n>p2 switch 4\n>p1 move icebeam\n>p2 move swordsdance\n>p2 switch 6\n>p1 move earthpower\n>p2 move icepunch\n>p1 move earthpower\n>p2 move icepunch\n>p1 move earthpower\n>p2 move icepunch", "uploadtime": 1684324822, "views": 7, "p1id": "stupidllyfunny", "p2id": "halderaditya69", "formatid": "gen8randombattle", "rating": 1089, "private": 0, "password": ""}