|j|☆Ugur
|j|☆gareeb adani
|t:|1685135443
|gametype|singles
|player|p1|Ugur|265|1367
|player|p2|gareeb adani|2|1503
|teamsize|p1|6
|teamsize|p2|6
|gen|8
|tier|[Gen 8] Random Battle
|rated|
|rule|Species Clause: Limit one of each Pokémon
|rule|HP Percentage Mod: HP is shown in percentages
|rule|Sleep Clause Mod: Limit one foe put to sleep
|
|t:|1685135443
|start
|switch|p1a: Tornadus|Tornadus, L80, M|258/258
|switch|p2a: Melmetal|Melmetal, L74|322/322
|turn|1
|inactive|Battle timer is ON: inactive players will automatically lose when time's up. (requested by gareeb adani)
|
|t:|1685135448
|move|p1a: Tornadus|Heat Wave|p2a: Melmetal
|-supereffective|p2a: Melmetal
|-damage|p2a: Melmetal|110/322
|move|p2a: Melmetal|Thunder Wave|p1a: Tornadus
|-status|p1a: Tornadus|par
|
|-heal|p2a: Melmetal|130/322|[from] item: Leftovers
|upkeep
|turn|2
|
|t:|1685135454
|switch|p2a: Meowstic|Meowstic-F, L86, F|268/268
|move|p1a: Tornadus|Heat Wave|p2a: Meowstic
|-damage|p2a: Meowstic|192/268
|
|upkeep
|turn|3
|
|t:|1685135462
|move|p2a: Meowstic|Nasty Plot|p2a: Meowstic
|-boost|p2a: Meowstic|spa|2
|move|p1a: Tornadus|Hurricane|p2a: Meowstic
|-crit|p2a: Meowstic
|-damage|p2a: Meowstic|0 fnt
|faint|p2a: Meowstic
|
|upkeep
|
|t:|1685135467
|switch|p2a: Mimikyu|Mimikyu, L76, F|209/209
|turn|4
|
|t:|1685135472
|move|p2a: Mimikyu|Swords Dance|p2a: Mimikyu
|-boost|p2a: Mimikyu|atk|2
|move|p1a: Tornadus|Heat Wave|p2a: Mimikyu
|-activate|p2a: Mimikyu|ability: Disguise
|-damage|p2a: Mimikyu|209/209
|detailschange|p2a: Mimikyu|Mimikyu-Busted, L76, F
|-damage|p2a: Mimikyu|183/209|[from] pokemon: Mimikyu-Busted
|
|upkeep
|turn|5
|
|t:|1685135485
|move|p2a: Mimikyu|Shadow Claw|p1a: Tornadus
|-damage|p1a: Tornadus|55/258 par
|-damage|p2a: Mimikyu|163/209|[from] item: Life Orb
|move|p1a: Tornadus|Hurricane|p2a: Mimikyu|[miss]
|-miss|p1a: Tornadus|p2a: Mimikyu
|
|upkeep
|turn|6
|
|t:|1685135491
|move|p2a: Mimikyu|Shadow Claw|p1a: Tornadus
|-damage|p1a: Tornadus|0 fnt
|faint|p1a: Tornadus
|-damage|p2a: Mimikyu|143/209|[from] item: Life Orb
|
|upkeep
|
|t:|1685135494
|switch|p1a: Dubwool|Dubwool, L86, M|264/264
|turn|7
|
|t:|1685135505
|move|p1a: Dubwool|Cotton Guard|p1a: Dubwool
|-boost|p1a: Dubwool|def|3
|move|p2a: Mimikyu|Play Rough|p1a: Dubwool
|-damage|p1a: Dubwool|230/264
|-damage|p2a: Mimikyu|123/209|[from] item: Life Orb
|
|-heal|p1a: Dubwool|246/264|[from] item: Leftovers
|upkeep
|turn|8
|
|t:|1685135513
|move|p1a: Dubwool|Cotton Guard|p1a: Dubwool
|-boost|p1a: Dubwool|def|3
|move|p2a: Mimikyu|Swords Dance|p2a: Mimikyu
|-boost|p2a: Mimikyu|atk|2
|
|-heal|p1a: Dubwool|262/264|[from] item: Leftovers
|upkeep
|turn|9
|
|t:|1685135533
|move|p1a: Dubwool|Cotton Guard|p1a: Dubwool
|-boost|p1a: Dubwool|def|0
|move|p2a: Mimikyu|Swords Dance|p2a: Mimikyu
|-boost|p2a: Mimikyu|atk|2
|
|-heal|p1a: Dubwool|264/264|[from] item: Leftovers
|upkeep
|turn|10
|
|t:|1685135537
|move|p1a: Dubwool|Cotton Guard|p1a: Dubwool
|-boost|p1a: Dubwool|def|0
|move|p2a: Mimikyu|Swords Dance|p2a: Mimikyu
|-boost|p2a: Mimikyu|atk|0
|
|upkeep
|turn|11
|
|t:|1685135545
|move|p1a: Dubwool|Cotton Guard|p1a: Dubwool
|-boost|p1a: Dubwool|def|0
|move|p2a: Mimikyu|Swords Dance|p2a: Mimikyu
|-boost|p2a: Mimikyu|atk|0
|
|upkeep
|turn|12
|
|t:|1685135550
|move|p1a: Dubwool|Cotton Guard|p1a: Dubwool
|-boost|p1a: Dubwool|def|0
|move|p2a: Mimikyu|Swords Dance|p2a: Mimikyu
|-boost|p2a: Mimikyu|atk|0
|
|upkeep
|turn|13
|
|t:|1685135561
|move|p1a: Dubwool|Cotton Guard|p1a: Dubwool
|-boost|p1a: Dubwool|def|0
|move|p2a: Mimikyu|Swords Dance|p2a: Mimikyu
|-boost|p2a: Mimikyu|atk|0
|
|upkeep
|turn|14
|
|t:|1685135568
|move|p1a: Dubwool|Cotton Guard|p1a: Dubwool
|-boost|p1a: Dubwool|def|0
|move|p2a: Mimikyu|Swords Dance|p2a: Mimikyu
|-boost|p2a: Mimikyu|atk|0
|
|upkeep
|turn|15
|inactive|gareeb adani has 120 seconds left.
|
|t:|1685135601
|move|p1a: Dubwool|Rest|p1a: Dubwool
|-fail|p1a: Dubwool|heal
|move|p2a: Mimikyu|Swords Dance|p2a: Mimikyu
|-boost|p2a: Mimikyu|atk|0
|
|upkeep
|turn|16
|
|t:|1685135605
|move|p1a: Dubwool|Rest|p1a: Dubwool
|-fail|p1a: Dubwool|heal
|move|p2a: Mimikyu|Swords Dance|p2a: Mimikyu
|-boost|p2a: Mimikyu|atk|0
|
|upkeep
|turn|17
|
|t:|1685135610
|move|p1a: Dubwool|Cotton Guard|p1a: Dubwool
|-boost|p1a: Dubwool|def|0
|move|p2a: Mimikyu|Swords Dance|p2a: Mimikyu
|-boost|p2a: Mimikyu|atk|0
|
|upkeep
|turn|18
|
|t:|1685135621
|move|p1a: Dubwool|Sleep Talk||[still]
|-fail|p1a: Dubwool
|move|p2a: Mimikyu|Swords Dance|p2a: Mimikyu
|-boost|p2a: Mimikyu|atk|0
|
|upkeep
|turn|19
|
|t:|1685135625
|move|p1a: Dubwool|Sleep Talk||[still]
|-fail|p1a: Dubwool
|move|p2a: Mimikyu|Shadow Claw|p1a: Dubwool
|-immune|p1a: Dubwool
|
|upkeep
|turn|20
|
|t:|1685135630
|move|p1a: Dubwool|Sleep Talk||[still]
|-fail|p1a: Dubwool
|move|p2a: Mimikyu|Swords Dance|p2a: Mimikyu
|-boost|p2a: Mimikyu|atk|0
|
|upkeep
|turn|21
|
|t:|1685135632
|move|p1a: Dubwool|Sleep Talk||[still]
|-fail|p1a: Dubwool
|move|p2a: Mimikyu|Swords Dance|p2a: Mimikyu
|-boost|p2a: Mimikyu|atk|0
|
|upkeep
|turn|22
|
|t:|1685135634
|move|p1a: Dubwool|Sleep Talk||[still]
|-fail|p1a: Dubwool
|move|p2a: Mimikyu|Swords Dance|p2a: Mimikyu
|-boost|p2a: Mimikyu|atk|0
|
|upkeep
|turn|23
|
|t:|1685135643
|move|p2a: Mimikyu|Shadow Sneak|p1a: Dubwool
|-immune|p1a: Dubwool
|move|p1a: Dubwool|Sleep Talk||[still]
|-fail|p1a: Dubwool
|
|upkeep
|turn|24
|
|t:|1685135649
|move|p2a: Mimikyu|Shadow Sneak|p1a: Dubwool
|-immune|p1a: Dubwool
|move|p1a: Dubwool|Rest|p1a: Dubwool
|-fail|p1a: Dubwool|heal
|
|upkeep
|turn|25
|
|t:|1685135665
|switch|p1a: Rhyperior|Rhyperior, L82, M|323/323
|move|p2a: Mimikyu|Shadow Claw|p1a: Rhyperior
|-damage|p1a: Rhyperior|112/323
|-damage|p2a: Mimikyu|103/209|[from] item: Life Orb
|
|upkeep
|turn|26
|
|t:|1685135672
|move|p2a: Mimikyu|Shadow Claw|p1a: Rhyperior
|-damage|p1a: Rhyperior|0 fnt
|faint|p1a: Rhyperior
|-damage|p2a: Mimikyu|83/209|[from] item: Life Orb
|
|upkeep
|
|t:|1685135678
|switch|p1a: Nihilego|Nihilego, L79|302/302
|turn|27
|
|t:|1685135693
|move|p2a: Mimikyu|Shadow Sneak|p1a: Nihilego
|-damage|p1a: Nihilego|12/302
|-damage|p2a: Mimikyu|63/209|[from] item: Life Orb
|move|p1a: Nihilego|Power Gem|p2a: Mimikyu
|-damage|p2a: Mimikyu|0 fnt
|faint|p2a: Mimikyu
|-ability|p1a: Nihilego|Beast Boost|boost
|-boost|p1a: Nihilego|spa|1
|
|-heal|p1a: Nihilego|30/302|[from] item: Black Sludge
|upkeep
|
|t:|1685135697
|switch|p2a: Eternatus|Eternatus, L69|308/308
|-ability|p2a: Eternatus|Pressure
|turn|28
|
|t:|1685135702
|move|p2a: Eternatus|Dynamax Cannon|p1a: Nihilego
|-damage|p1a: Nihilego|0 fnt
|faint|p1a: Nihilego
|
|upkeep
|
|t:|1685135711
|switch|p1a: Arctozolt|Arctozolt, L86|295/295
|turn|29
|
|t:|1685135718
|move|p2a: Eternatus|Dynamax Cannon|p1a: Arctozolt
|-damage|p1a: Arctozolt|175/295
|move|p1a: Arctozolt|Icicle Crash|p2a: Eternatus
|-supereffective|p2a: Eternatus
|-damage|p2a: Eternatus|96/308
|
|upkeep
|turn|30
|
|t:|1685135737
|move|p2a: Eternatus|Flamethrower|p1a: Arctozolt
|-supereffective|p1a: Arctozolt
|-damage|p1a: Arctozolt|55/295
|move|p1a: Arctozolt|Icicle Crash|p2a: Eternatus
|-supereffective|p2a: Eternatus
|-crit|p2a: Eternatus
|-damage|p2a: Eternatus|0 fnt
|faint|p2a: Eternatus
|
|upkeep
|
|t:|1685135747
|switch|p2a: Pinsir|Pinsir, L84, F|246/246
|-ability|p2a: Pinsir|Mold Breaker
|turn|31
|
|t:|1685135754
|move|p2a: Pinsir|Earthquake|p1a: Arctozolt
|-supereffective|p1a: Arctozolt
|-damage|p1a: Arctozolt|0 fnt
|faint|p1a: Arctozolt
|
|upkeep
|
|t:|1685135757
|switch|p1a: Yveltal|Yveltal, L69|288/288
|-ability|p1a: Yveltal|Dark Aura
|turn|32
|
|t:|1685135776
|switch|p2a: Delibird|Delibird, M|252/252
|move|p1a: Yveltal|Oblivion Wing|p2a: Delibird
|-damage|p2a: Delibird|159/252
|
|upkeep
|turn|33
|
|t:|1685135783
|-start|p2a: Delibird|Dynamax|
|-heal|p2a: Delibird|318/504|[silent]
|move|p2a: Delibird|Max Hailstorm|p1a: Yveltal
|-supereffective|p1a: Yveltal
|-damage|p1a: Yveltal|4/288
|-weather|Hail
|move|p1a: Yveltal|Knock Off|p2a: Delibird
|-damage|p2a: Delibird|168/504
|-enditem|p2a: Delibird|Heavy-Duty Boots|[from] move: Knock Off|[of] p1a: Yveltal
|
|-weather|Hail|[upkeep]
|-damage|p1a: Yveltal|0 fnt|[from] Hail
|faint|p1a: Yveltal
|upkeep
|
|t:|1685135788
|switch|p1a: Dubwool|Dubwool, L86, M|264/264
|turn|34
|
|t:|1685135800
|move|p2a: Delibird|Max Hailstorm|p1a: Dubwool
|-damage|p1a: Dubwool|146/264
|move|p1a: Dubwool|Cotton Guard|p1a: Dubwool
|-boost|p1a: Dubwool|def|3
|
|-weather|Hail|[upkeep]
|-damage|p1a: Dubwool|130/264|[from] Hail
|-heal|p1a: Dubwool|146/264|[from] item: Leftovers
|upkeep
|turn|35
|
|t:|1685135807
|move|p2a: Delibird|Max Hailstorm|p1a: Dubwool
|-damage|p1a: Dubwool|14/264
|move|p1a: Dubwool|Rest|p1a: Dubwool
|-status|p1a: Dubwool|slp|[from] move: Rest
|-heal|p1a: Dubwool|264/264 slp|[silent]
|
|-weather|Hail|[upkeep]
|-damage|p1a: Dubwool|248/264 slp|[from] Hail
|-heal|p1a: Dubwool|264/264 slp|[from] item: Leftovers
|upkeep
|-end|p2a: Delibird|Dynamax
|-heal|p2a: Delibird|84/252|[silent]
|turn|36
|
|t:|1685135826
|move|p2a: Delibird|Freeze-Dry|p1a: Dubwool
|-crit|p1a: Dubwool
|-damage|p1a: Dubwool|144/264 slp
|cant|p1a: Dubwool|slp
|move|p1a: Dubwool|Sleep Talk|p1a: Dubwool
|move|p1a: Dubwool|Cotton Guard|p1a: Dubwool|[from]move: Sleep Talk
|-boost|p1a: Dubwool|def|3
|
|-weather|Hail|[upkeep]
|-damage|p1a: Dubwool|128/264 slp|[from] Hail
|-heal|p1a: Dubwool|144/264 slp|[from] item: Leftovers
|upkeep
|turn|37
|
|t:|1685135835
|move|p2a: Delibird|Freeze-Dry|p1a: Dubwool
|-crit|p1a: Dubwool
|-damage|p1a: Dubwool|41/264 slp
|cant|p1a: Dubwool|slp
|move|p1a: Dubwool|Sleep Talk|p1a: Dubwool
|move|p1a: Dubwool|Cotton Guard|p1a: Dubwool|[from]move: Sleep Talk
|-boost|p1a: Dubwool|def|0
|
|-weather|none
|-heal|p1a: Dubwool|57/264 slp|[from] item: Leftovers
|upkeep
|turn|38
|
|t:|1685135844
|move|p2a: Delibird|Freeze-Dry|p1a: Dubwool
|-damage|p1a: Dubwool|0 fnt
|faint|p1a: Dubwool
|
|win|gareeb adani
|raw|Ugur's rating: 1367 &rarr; <strong>1353</strong><br />(-14 for losing)
|raw|gareeb adani's rating: 1479 &rarr; <strong>1493</strong><br />(+14 for winning)
