{"id": "gen8randombattle-1865957534", "p1": "FreeYeezy69", "p2": "QuanOfTheDivine", "format": "[Gen 8] Random Battle", "log": "|j|\u2606FreeYeezy69\n|j|\u2606QuanOfTheDivine\n|t:|1684354189\n|gametype|singles\n|player|p1|FreeYeezy69|ghetsis-gen5bw|1417\n|player|p2|QuanOfTheDivine|170|1324\n|teamsize|p1|6\n|teamsize|p2|6\n|gen|8\n|tier|[Gen 8] Random Battle\n|rated|\n|rule|Species Clause: Limit one of each Pok\u00e9mon\n|rule|HP Percentage Mod: HP is shown in percentages\n|rule|Sleep Clause Mod: Limit one foe put to sleep\n|\n|t:|1684354189\n|start\n|switch|p1a: Magearna|Magearna, L76|247/247\n|switch|p2a: Spiritomb|Spiritomb, L88, F|231/231\n|turn|1\n|\n|t:|1684354197\n|move|p1a: Magearna|Calm Mind|p1a: Magearna\n|-boost|p1a: Magearna|spa|1\n|-boost|p1a: Magearna|spd|1\n|move|p2a: Spiritomb|Poltergeist|p1a: Magearna\n|-activate|p1a: Magearna|move: Poltergeist|Leftovers\n|-damage|p1a: Magearna|75/247\n|\n|-heal|p1a: Magearna|90/247|[from] item: Leftovers\n|upkeep\n|turn|2\n|inactive|Battle timer is ON: inactive players will automatically lose when time's up. (requested by FreeYeezy69)\n|\n|t:|1684354231\n|switch|p2a: Dunsparce|Dunsparce, L90, M|326/326\n|move|p1a: Magearna|Fleur Cannon|p2a: Dunsparce\n|-damage|p2a: Dunsparce|74/326\n|-unboost|p1a: Magearna|spa|2\n|\n|-heal|p1a: Magearna|105/247|[from] item: Leftovers\n|-heal|p2a: Dunsparce|94/326|[from] item: Leftovers\n|upkeep\n|turn|3\n|\n|t:|1684354244\n|move|p1a: Magearna|Fleur Cannon|p2a: Dunsparce\n|-crit|p2a: Dunsparce\n|-damage|p2a: Dunsparce|0 fnt\n|-unboost|p1a: Magearna|spa|2\n|faint|p2a: Dunsparce\n|-ability|p1a: Magearna|Soul-Heart|boost\n|-boost|p1a: Magearna|spa|1\n|\n|-heal|p1a: Magearna|120/247|[from] item: Leftovers\n|upkeep\n|\n|t:|1684354271\n|switch|p2a: Garbodor|Garbodor, L87, F|281/281\n|turn|4\n|\n|t:|1684354280\n|switch|p1a: Wobbuffet|Wobbuffet, L92, F|499/499\n|move|p2a: Garbodor|Stomping Tantrum|p1a: Wobbuffet\n|-damage|p1a: Wobbuffet|434/499\n|\n|upkeep\n|turn|5\n|inactive|FreeYeezy69 has 120 seconds left.\n|\n|t:|1684354311\n|move|p2a: Garbodor|Spikes|p1a: Wobbuffet\n|-sidestart|p1: FreeYeezy69|Spikes\n|move|p1a: Wobbuffet|Charm|p2a: Garbodor\n|-unboost|p2a: Garbodor|atk|2\n|\n|upkeep\n|turn|6\n|inactive|FreeYeezy69 has 120 seconds left.\n|\n|t:|1684354348\n|switch|p1a: Magearna|Magearna, L76|120/247\n|-damage|p1a: Magearna|90/247|[from] Spikes\n|move|p2a: Garbodor|Spikes|p1a: Magearna\n|-sidestart|p1: FreeYeezy69|Spikes\n|\n|-heal|p1a: Magearna|105/247|[from] item: Leftovers\n|upkeep\n|turn|7\n|\n|t:|1684354370\n|switch|p1a: Talonflame|Talonflame, L81, F|259/259\n|move|p2a: Garbodor|Stomping Tantrum|p1a: Talonflame\n|-immune|p1a: Talonflame\n|\n|upkeep\n|turn|8\n|\n|t:|1684354389\n|move|p1a: Talonflame|Swords Dance|p1a: Talonflame\n|-boost|p1a: Talonflame|atk|2\n|move|p2a: Garbodor|Pain Split|p1a: Talonflame\n|-sethp|p1a: Talonflame|259/259|[from] move: Pain Split|[silent]\n|-sethp|p2a: Garbodor|270/281|[from] move: Pain Split\n|\n|-heal|p2a: Garbodor|281/281|[from] item: Black Sludge\n|upkeep\n|turn|9\n|\n|t:|1684354397\n|move|p1a: Talonflame|Swords Dance|p1a: Talonflame\n|-boost|p1a: Talonflame|atk|2\n|move|p2a: Garbodor|Gunk Shot|p1a: Talonflame\n|-damage|p1a: Talonflame|183/259\n|\n|upkeep\n|turn|10\n|\n|t:|1684354408\n|-start|p1a: Talonflame|Dynamax|\n|-heal|p1a: Talonflame|366/518|[silent]\n|move|p1a: Talonflame|Max Airstream|p2a: Garbodor\n|-damage|p2a: Garbodor|0 fnt\n|-boost|p1a: Talonflame|spe|1\n|faint|p2a: Garbodor\n|\n|upkeep\n|\n|t:|1684354424\n|switch|p2a: Pelipper|Pelipper, L86, F|243/243\n|-weather|RainDance|[from] ability: Drizzle|[of] p2a: Pelipper\n|turn|11\n|inactive|FreeYeezy69 has 120 seconds left.\n|inactive|QuanOfTheDivine has 120 seconds left.\n|\n|t:|1684354446\n|move|p1a: Talonflame|Max Flare|p2a: Pelipper\n|-resisted|p2a: Pelipper\n|-damage|p2a: Pelipper|160/243\n|-weather|SunnyDay\n|move|p2a: Pelipper|Scald|p1a: Talonflame\n|-supereffective|p1a: Talonflame\n|-damage|p1a: Talonflame|264/518\n|\n|-weather|SunnyDay|[upkeep]\n|upkeep\n|turn|12\n|inactive|QuanOfTheDivine has 120 seconds left.\n|inactive|FreeYeezy69 has 120 seconds left.\n|\n|t:|1684354458\n|move|p1a: Talonflame|Max Flare|p2a: Pelipper\n|-resisted|p2a: Pelipper\n|-damage|p2a: Pelipper|0 fnt\n|faint|p2a: Pelipper\n|\n|-weather|SunnyDay|[upkeep]\n|upkeep\n|inactive|QuanOfTheDivine has 120 seconds left.\n|\n|t:|1684354474\n|switch|p2a: Vaporeon|Vaporeon, L84, M|356/356\n|-end|p1a: Talonflame|Dynamax\n|-heal|p1a: Talonflame|132/259|[silent]\n|turn|13\n|\n|t:|1684354488\n|move|p1a: Talonflame|Brave Bird|p2a: Vaporeon\n|-damage|p2a: Vaporeon|0 fnt\n|faint|p2a: Vaporeon\n|-damage|p1a: Talonflame|15/259|[from] Recoil\n|\n|-weather|SunnyDay|[upkeep]\n|upkeep\n|inactive|QuanOfTheDivine has 90 seconds left.\n|\n|t:|1684354517\n|switch|p2a: Nidoking|Nidoking, L82, M|267/267\n|turn|14\n|inactive|QuanOfTheDivine has 90 seconds left.\n|\n|t:|1684354537\n|-start|p2a: Nidoking|Dynamax|\n|-heal|p2a: Nidoking|534/534|[silent]\n|move|p1a: Talonflame|Flare Blitz|p2a: Nidoking\n|-damage|p2a: Nidoking|0 fnt\n|faint|p2a: Nidoking\n|-damage|p1a: Talonflame|0 fnt|[from] Recoil\n|faint|p1a: Talonflame\n|\n|-weather|SunnyDay|[upkeep]\n|upkeep\n|inactive|QuanOfTheDivine has 90 seconds left.\n|inactive|FreeYeezy69 has 120 seconds left.\n|\n|t:|1684354553\n|switch|p1a: Magearna|Magearna, L76|105/247\n|switch|p2a: Spiritomb|Spiritomb, L88, F|231/231\n|-damage|p1a: Magearna|64/247|[from] Spikes\n|turn|15\n|inactive|QuanOfTheDivine has 90 seconds left.\n|\n|t:|1684354568\n|move|p2a: Spiritomb|Shadow Sneak|p1a: Magearna\n|-damage|p1a: Magearna|1/247\n|move|p1a: Magearna|Fleur Cannon|p2a: Spiritomb\n|-supereffective|p2a: Spiritomb\n|-damage|p2a: Spiritomb|0 fnt\n|-unboost|p1a: Magearna|spa|2\n|faint|p2a: Spiritomb\n|\n|win|FreeYeezy69\n|raw|FreeYeezy69's rating: 1417 &rarr; <strong>1432</strong><br />(+15 for winning)\n|raw|QuanOfTheDivine's rating: 1324 &rarr; <strong>1309</strong><br />(-15 for losing)\n|l|\u2606QuanOfTheDivine\n", "inputlog": ">version 3f967b429d9dd76d8eb692efdd7dfe9038092d20\n>start {\"formatid\":\"gen8randombattle\",\"seed\":[20156,53070,4612,57290],\"rated\":\"Rated battle\"}\n>player p1 {\"name\":\"FreeYeezy69\",\"avatar\":\"ghetsis-gen5bw\",\"rating\":1417,\"seed\":[20989,2793,18830,54633]}\n>player p2 {\"name\":\"QuanOfTheDivine\",\"avatar\":\"170\",\"rating\":1324,\"seed\":[9764,42360,36401,49705]}\n>p1 move calmmind\n>p2 move poltergeist\n>p1 move fleurcannon\n>p2 switch 6\n>p1 move fleurcannon\n>p2 move roost\n>p2 switch 5\n>p1 switch 2\n>p2 move stompingtantrum\n>p1 move charm\n>p2 move spikes\n>p1 switch 2\n>p2 move spikes\n>p1 switch 3\n>p2 move stompingtantrum\n>p1 move swordsdance\n>p2 move painsplit\n>p1 move swordsdance\n>p2 move gunkshot\n>p1 move bravebird dynamax\n>p2 move gunkshot\n>p2 switch 2\n>p1 move flareblitz dynamax\n>p2 move scald\n>p1 move flareblitz dynamax\n>p2 move scald\n>p2 switch 3\n>p1 move bravebird\n>p2 move scald\n>p2 switch 4\n>p1 move flareblitz\n>p2 move sludgewave dynamax\n>p1 switch 3\n>p2 switch 6\n>p1 move fleurcannon\n>p2 move shadowsneak", "uploadtime": 1684354583, "views": 6, "p1id": "freeyeezy69", "p2id": "quanofthedivine", "formatid": "gen8randombattle", "rating": 1309, "private": 0, "password": ""}