|j|☆Penter
|j|☆mrsoup
|t:|1685262903
|gametype|singles
|player|p1|Penter|n|
|player|p2|mrsoup|officer-gen2|
|teamsize|p1|6
|teamsize|p2|6
|gen|8
|tier|[Gen 8] Random Battle
|rated|Tournament battle
|rule|Species Clause: Limit one of each Pokémon
|rule|HP Percentage Mod: HP is shown in percentages
|rule|Sleep Clause Mod: Limit one foe put to sleep
|
|t:|1685262903
|start
|switch|p1a: Calyrex|Calyrex, L88|319/319
|switch|p2a: Noctowl|Noctowl, L88, F|319/319
|-ability|p1a: Calyrex|Unnerve
|turn|1
|j| BB-8-NU
|
|t:|1685262922
|move|p1a: Calyrex|Substitute|p1a: Calyrex
|-start|p1a: Calyrex|Substitute
|-damage|p1a: Calyrex|240/319
|move|p2a: Noctowl|Nasty Plot|p2a: Noctowl
|-boost|p2a: Noctowl|spa|2
|
|-heal|p1a: Calyrex|259/319|[from] item: Leftovers
|upkeep
|turn|2
|
|t:|1685262966
|move|p1a: Calyrex|Psyshock|p2a: Noctowl
|-damage|p2a: Noctowl|195/319
|move|p2a: Noctowl|Heat Wave|p1a: Calyrex
|-supereffective|p1a: Calyrex
|-crit|p1a: Calyrex
|-end|p1a: Calyrex|Substitute
|
|-heal|p1a: Calyrex|278/319|[from] item: Leftovers
|upkeep
|turn|3
|
|t:|1685263004
|switch|p1a: Blastoise|Blastoise, L82, M|264/264
|move|p2a: Noctowl|Hurricane|p1a: Blastoise
|-damage|p1a: Blastoise|36/264
|-start|p1a: Blastoise|confusion
|
|upkeep
|turn|4
|
|t:|1685263025
|-activate|p1a: Blastoise|confusion
|-damage|p1a: Blastoise|15/264|[from] confusion
|move|p2a: Noctowl|Heat Wave|p1a: Blastoise
|-resisted|p1a: Blastoise
|-damage|p1a: Blastoise|0 fnt
|faint|p1a: Blastoise
|
|upkeep
|
|t:|1685263078
|switch|p1a: Articuno|Articuno-Galar, L80|275/275
|turn|5
|
|t:|1685263095
|-start|p1a: Articuno|Dynamax|
|-heal|p1a: Articuno|550/550|[silent]
|move|p1a: Articuno|Max Airstream|p2a: Noctowl
|-damage|p2a: Noctowl|66/319
|-boost|p1a: Articuno|spe|1
|move|p2a: Noctowl|Hurricane|p1a: Articuno
|-damage|p1a: Articuno|343/550
|-start|p1a: Articuno|confusion
|
|upkeep
|turn|6
|
|t:|1685263117
|-activate|p1a: Articuno|confusion
|move|p1a: Articuno|Max Mindstorm|p2a: Noctowl
|-damage|p2a: Noctowl|0 fnt
|-fieldstart|move: Psychic Terrain
|faint|p2a: Noctowl
|
|upkeep
|
|t:|1685263128
|switch|p2a: Walrein|Walrein, L86, F|329/329
|turn|7
|
|t:|1685263135
|move|p2a: Walrein|Protect|p2a: Walrein
|-singleturn|p2a: Walrein|Protect
|-activate|p1a: Articuno|confusion
|-damage|p1a: Articuno|322/550|[from] confusion
|
|upkeep
|-end|p1a: Articuno|Dynamax
|-heal|p1a: Articuno|161/275|[silent]
|turn|8
|
|t:|1685263146
|-activate|p1a: Articuno|confusion
|move|p1a: Articuno|Recover|p1a: Articuno
|-heal|p1a: Articuno|275/275
|move|p2a: Walrein|Ice Beam|p1a: Articuno
|-supereffective|p1a: Articuno
|-crit|p1a: Articuno
|-damage|p1a: Articuno|0 fnt
|faint|p1a: Articuno
|
|upkeep
|
|t:|1685263156
|switch|p1a: Leafeon|Leafeon, L86, F|252/252
|turn|9
|
|t:|1685263178
|move|p1a: Leafeon|Leaf Blade|p2a: Walrein
|-supereffective|p2a: Walrein
|-damage|p2a: Walrein|64/329
|-damage|p1a: Leafeon|227/252|[from] item: Life Orb
|move|p2a: Walrein|Ice Beam|p1a: Leafeon
|-supereffective|p1a: Leafeon
|-damage|p1a: Leafeon|0 fnt
|faint|p1a: Leafeon
|
|-heal|p2a: Walrein|84/329|[from] item: Leftovers
|upkeep
|-message|Penter forfeited.
|
|win|mrsoup
|n|☆Penter|penter
|n|☆mrsoup|mrsoup
|n| BB-8-NU|bb8nu
