{"id": "gen8randombattle-1707685377", "p1": "aesf speed", "p2": "roire", "format": "[Gen 8] Random Battle", "log": "|j|\u2606aesf speed\n|j|\u2606roire\n|t:|1668113206\n|gametype|singles\n|player|p1|aesf speed|170|2451\n|player|p2|roire|101|2431\n|teamsize|p1|6\n|teamsize|p2|6\n|gen|8\n|tier|[Gen 8] Random Battle\n|rated|\n|rule|Species Clause: Limit one of each Pok\u00e9mon\n|rule|HP Percentage Mod: HP is shown in percentages\n|rule|Sleep Clause Mod: Limit one foe put to sleep\n|\n|t:|1668113206\n|start\n|switch|p1a: Primarina|Primarina, L82, M|265/265\n|switch|p2a: Raichu|Raichu, L86, F|243/243\n|turn|1\n|inactive|Battle timer is ON: inactive players will automatically lose when time's up. (requested by aesf speed)\n|j| Advent Neon\n|l| Advent Neon\n|\n|t:|1668113225\n|move|p2a: Raichu|Volt Switch|p1a: Primarina\n|-supereffective|p1a: Primarina\n|-damage|p1a: Primarina|77/265\n|l|\u2606roire\n|inactive|roire disconnected and has a minute to reconnect!\n|player|p2|\n|j|\u2606roire\n|inactive|roire reconnected and has 125 seconds left.\n|player|p2|roire|101\n|inactive|roire has 120 seconds left.\n|\n|t:|1668113257\n|switch|p2a: Slowking|Slowking, L86, M|304/304\n|move|p1a: Primarina|Moonblast|p2a: Slowking\n|-damage|p2a: Slowking|211/304\n|\n|-heal|p2a: Slowking|230/304|[from] item: Leftovers\n|upkeep\n|turn|2\n|\n|t:|1668113264\n|switch|p1a: Slowbro|Slowbro, L84, M|297/297\n|move|p2a: Slowking|Teleport|p2a: Slowking\n|\n|t:|1668113267\n|switch|p2a: Raichu|Raichu, L86, F|243/243\n|\n|upkeep\n|turn|3\n|\n|t:|1668113269\n|switch|p1a: Tangrowth|Tangrowth, L84, M|305/305\n|move|p2a: Raichu|Volt Switch|p1a: Tangrowth\n|-resisted|p1a: Tangrowth\n|-damage|p1a: Tangrowth|228/305\n|\n|t:|1668113275\n|switch|p2a: Guzzlord|Guzzlord, L84|512/512\n|\n|upkeep\n|turn|4\n|\n|t:|1668113282\n|switch|p1a: Primarina|Primarina, L82, M|77/265\n|move|p2a: Guzzlord|Fire Blast|p1a: Primarina\n|-resisted|p1a: Primarina\n|-damage|p1a: Primarina|43/265\n|\n|upkeep\n|turn|5\n|\n|t:|1668113291\n|switch|p1a: Slowbro|Slowbro, L84, M|297/297\n|switch|p2a: Slowking|Slowking, L86, M|304/304\n|\n|upkeep\n|turn|6\n|\n|t:|1668113295\n|move|p2a: Slowking|Toxic|p1a: Slowbro\n|-status|p1a: Slowbro|tox\n|move|p1a: Slowbro|Teleport|p1a: Slowbro\n|\n|t:|1668113300\n|switch|p1a: Tangrowth|Tangrowth, L84, M|305/305\n|\n|upkeep\n|turn|7\n|inactive|roire has 120 seconds left.\n|\n|t:|1668113346\n|move|p1a: Tangrowth|Sludge Bomb|p2a: Slowking\n|-damage|p2a: Slowking|248/304\n|move|p2a: Slowking|Toxic|p1a: Tangrowth\n|-status|p1a: Tangrowth|tox\n|\n|-heal|p2a: Slowking|267/304|[from] item: Leftovers\n|-damage|p1a: Tangrowth|286/305 tox|[from] psn\n|upkeep\n|turn|8\n|\n|t:|1668113349\n|move|p1a: Tangrowth|Sludge Bomb|p2a: Slowking\n|-damage|p2a: Slowking|204/304\n|-status|p2a: Slowking|psn\n|move|p2a: Slowking|Teleport|p2a: Slowking\n|\n|t:|1668113353\n|switch|p2a: Guzzlord|Guzzlord, L84|512/512\n|\n|-damage|p1a: Tangrowth|248/305 tox|[from] psn\n|upkeep\n|turn|9\n|\n|t:|1668113355\n|move|p1a: Tangrowth|Sleep Powder|p2a: Guzzlord\n|-status|p2a: Guzzlord|slp|[from] move: Sleep Powder\n|cant|p2a: Guzzlord|slp\n|\n|-damage|p1a: Tangrowth|191/305 tox|[from] psn\n|upkeep\n|turn|10\n|\n|t:|1668113368\n|switch|p1a: Primarina|Primarina, L82, M|43/265\n|cant|p2a: Guzzlord|slp\n|\n|upkeep\n|turn|11\n|\n|t:|1668113377\n|switch|p2a: Slowking|Slowking, L86, M|304/304 psn\n|move|p1a: Primarina|Moonblast|p2a: Slowking\n|-damage|p2a: Slowking|207/304 psn\n|\n|-heal|p2a: Slowking|226/304 psn|[from] item: Leftovers\n|-damage|p2a: Slowking|188/304 psn|[from] psn\n|upkeep\n|turn|12\n|\n|t:|1668113383\n|switch|p2a: Ferrothorn|Ferrothorn, L78, F|244/244\n|move|p1a: Primarina|Moonblast|p2a: Ferrothorn\n|-resisted|p2a: Ferrothorn\n|-damage|p2a: Ferrothorn|193/244\n|-unboost|p2a: Ferrothorn|spa|1\n|\n|-heal|p2a: Ferrothorn|208/244|[from] item: Leftovers\n|upkeep\n|turn|13\n|\n|t:|1668113394\n|switch|p1a: Rayquaza|Rayquaza, L74|277/277\n|-ability|p1a: Rayquaza|Air Lock\n|move|p2a: Ferrothorn|Knock Off|p1a: Rayquaza\n|-damage|p1a: Rayquaza|209/277\n|-enditem|p1a: Rayquaza|Assault Vest|[from] move: Knock Off|[of] p2a: Ferrothorn\n|\n|-heal|p2a: Ferrothorn|223/244|[from] item: Leftovers\n|upkeep\n|turn|14\n|\n|t:|1668113402\n|switch|p2a: Guzzlord|Guzzlord, L84|512/512 slp\n|move|p1a: Rayquaza|V-create|p2a: Guzzlord|[miss]\n|-miss|p1a: Rayquaza|p2a: Guzzlord\n|\n|upkeep\n|turn|15\n|c|\u2606roire|lol\n|j| Albaogg\n|c|\u2606roire|never once seen it miss\n|c|\u2606aesf speed|lol\n|inactive|aesf speed has 120 seconds left.\n|\n|t:|1668113441\n|move|p1a: Rayquaza|Draco Meteor|p2a: Guzzlord\n|-supereffective|p2a: Guzzlord\n|-damage|p2a: Guzzlord|242/512 slp\n|-unboost|p1a: Rayquaza|spa|2\n|cant|p2a: Guzzlord|slp\n|\n|upkeep\n|turn|16\n|inactive|aesf speed has 120 seconds left.\n|\n|t:|1668113454\n|switch|p1a: Primarina|Primarina, L82, M|43/265\n|-curestatus|p2a: Guzzlord|slp|[msg]\n|move|p2a: Guzzlord|Knock Off|p1a: Primarina\n|-resisted|p1a: Primarina\n|-damage|p1a: Primarina|0 fnt\n|-enditem|p1a: Primarina|Choice Scarf|[from] move: Knock Off|[of] p2a: Guzzlord\n|faint|p1a: Primarina\n|-ability|p2a: Guzzlord|Beast Boost|boost\n|-boost|p2a: Guzzlord|atk|1\n|\n|upkeep\n|inactive|aesf speed has 120 seconds left.\n|\n|t:|1668113460\n|switch|p1a: Rayquaza|Rayquaza, L74|209/277\n|-ability|p1a: Rayquaza|Air Lock\n|turn|17\n|\n|t:|1668113464\n|switch|p2a: Ribombee|Ribombee, L82, F|233/233\n|move|p1a: Rayquaza|Dragon Ascent|p2a: Ribombee\n|-supereffective|p2a: Ribombee\n|-damage|p2a: Ribombee|0 fnt\n|-unboost|p1a: Rayquaza|def|1\n|-unboost|p1a: Rayquaza|spd|1\n|faint|p2a: Ribombee\n|\n|upkeep\n|\n|t:|1668113475\n|switch|p2a: Raichu|Raichu, L86, F|243/243\n|turn|18\n|\n|t:|1668113477\n|switch|p1a: Tangrowth|Tangrowth, L84, M|292/305 tox\n|move|p2a: Raichu|Volt Switch|p1a: Tangrowth\n|-resisted|p1a: Tangrowth\n|-damage|p1a: Tangrowth|217/305 tox\n|\n|t:|1668113505\n|switch|p2a: Guzzlord|Guzzlord, L84|242/512\n|\n|-damage|p1a: Tangrowth|198/305 tox|[from] psn\n|upkeep\n|turn|19\n|\n|t:|1668113510\n|move|p1a: Tangrowth|Sleep Powder|p2a: Guzzlord\n|-status|p2a: Guzzlord|slp|[from] move: Sleep Powder\n|cant|p2a: Guzzlord|slp\n|\n|-damage|p1a: Tangrowth|160/305 tox|[from] psn\n|upkeep\n|turn|20\n|\n|t:|1668113515\n|switch|p1a: Dubwool|Dubwool, L86, F|264/264\n|-curestatus|p2a: Guzzlord|slp|[msg]\n|move|p2a: Guzzlord|Draco Meteor|p1a: Dubwool\n|-damage|p1a: Dubwool|138/264\n|-unboost|p2a: Guzzlord|spa|2\n|\n|-heal|p1a: Dubwool|154/264|[from] item: Leftovers\n|upkeep\n|turn|21\n|\n|t:|1668113522\n|switch|p2a: Slowking|Slowking, L86, M|289/304 psn\n|move|p1a: Dubwool|Cotton Guard|p1a: Dubwool\n|-boost|p1a: Dubwool|def|3\n|\n|-heal|p1a: Dubwool|170/264|[from] item: Leftovers\n|-heal|p2a: Slowking|304/304 psn|[from] item: Leftovers\n|-damage|p2a: Slowking|266/304 psn|[from] psn\n|upkeep\n|turn|22\n|\n|t:|1668113527\n|move|p1a: Dubwool|Cotton Guard|p1a: Dubwool\n|-boost|p1a: Dubwool|def|3\n|move|p2a: Slowking|Toxic|p1a: Dubwool\n|-status|p1a: Dubwool|tox\n|\n|-heal|p1a: Dubwool|186/264 tox|[from] item: Leftovers\n|-heal|p2a: Slowking|285/304 psn|[from] item: Leftovers\n|-damage|p1a: Dubwool|170/264 tox|[from] psn\n|-damage|p2a: Slowking|247/304 psn|[from] psn\n|upkeep\n|turn|23\n|\n|t:|1668113530\n|move|p1a: Dubwool|Rest|p1a: Dubwool\n|-status|p1a: Dubwool|slp|[from] move: Rest\n|-heal|p1a: Dubwool|264/264 slp|[silent]\n|move|p2a: Slowking|Teleport|p2a: Slowking\n|\n|t:|1668113538\n|switch|p2a: Guzzlord|Guzzlord, L84|242/512\n|\n|upkeep\n|turn|24\n|\n|t:|1668113540\n|cant|p1a: Dubwool|slp\n|move|p1a: Dubwool|Sleep Talk|p1a: Dubwool\n|move|p1a: Dubwool|Body Press|p2a: Guzzlord|[from]move: Sleep Talk\n|-supereffective|p2a: Guzzlord\n|-damage|p2a: Guzzlord|0 fnt\n|faint|p2a: Guzzlord\n|\n|upkeep\n|\n|t:|1668113563\n|switch|p2a: Raichu|Raichu, L86, F|243/243\n|turn|25\n|\n|t:|1668113565\n|move|p2a: Raichu|Thunderbolt|p1a: Dubwool\n|-damage|p1a: Dubwool|135/264 slp\n|cant|p1a: Dubwool|slp\n|move|p1a: Dubwool|Sleep Talk|p1a: Dubwool\n|move|p1a: Dubwool|Body Press|p2a: Raichu|[from]move: Sleep Talk\n|-damage|p2a: Raichu|0 fnt\n|faint|p2a: Raichu\n|\n|-heal|p1a: Dubwool|151/264 slp|[from] item: Leftovers\n|upkeep\n|c|\u2606aesf speed|wow\n|-message|roire forfeited.\n|\n|win|aesf speed\n|raw|aesf speed's rating: 2451 &rarr; <strong>2470</strong><br />(+19 for winning)\n|raw|roire's rating: 2431 &rarr; <strong>2412</strong><br />(-19 for losing)\n|l|\u2606roire\n|l|\u2606aesf speed\n|l| Albaogg\n||Ladder isn't responding, score probably updated but might not have (Request timeout).\n", "inputlog": ">version 453a3ad56483cc6a5c08448f6577d394b68621b7\n>start {\"formatid\":\"gen8randombattle\",\"seed\":[47636,12030,49267,42610],\"rated\":\"Rated battle\"}\n>player p1 {\"name\":\"aesf speed\",\"avatar\":\"170\",\"rating\":2451,\"seed\":[27079,58273,3219,43511]}\n>player p2 {\"name\":\"roire\",\"avatar\":\"101\",\"rating\":2431,\"seed\":[61289,4953,10200,52148]}\n>p1 move moonblast\n>p2 move voltswitch\n>p2 switch 2\n>p1 switch 3\n>p2 move teleport\n>p2 switch 2\n>p1 switch 4\n>p2 move voltswitch\n>p2 switch 5\n>p1 switch 3\n>p2 move fireblast\n>p1 switch 4\n>p2 switch 2\n>p1 move teleport\n>p2 move toxic\n>p1 switch 3\n>p1 move sludgebomb\n>p2 move toxic\n>p1 move sludgebomb\n>p2 move teleport\n>p2 switch 2\n>p1 move sleeppowder\n>p2 move knockoff\n>p1 switch 4\n>p2 move knockoff\n>p1 move moonblast\n>p2 switch 2\n>p1 move moonblast\n>p2 switch 6\n>p1 switch 2\n>p2 move knockoff\n>p1 move vcreate\n>p2 switch 2\n>chat \u2606roire|lol\n>chat \u2606roire|never once seen it miss\n>chat \u2606aesf speed|lol\n>p1 move dracometeor\n>p2 move dracometeor\n>p1 switch 2\n>p2 move knockoff\n>p1 switch 2\n>p1 move dragonascent\n>p2 switch 3\n>p2 switch 5\n>p1 switch 4\n>p2 move voltswitch\n>p2 switch 3\n>p1 move sleeppowder\n>p2 move dracometeor\n>p1 switch 6\n>p2 move dracometeor\n>p1 move cottonguard\n>p2 switch 6\n>p1 move cottonguard\n>p2 move toxic\n>p1 move rest\n>p2 move teleport\n>p2 switch 6\n>p1 move sleeptalk\n>p2 move knockoff\n>p2 switch 3\n>p1 move sleeptalk\n>p2 move thunderbolt\n>chat \u2606aesf speed|wow\n>forcelose p2", "uploadtime": 1668113830, "views": 12, "p1id": "aesfspeed", "p2id": "roire", "formatid": "gen8randombattle", "rating": 2412, "private": 0, "password": null}