{"id": "gen8randombattle-1874774128", "p1": "tangytangerine", "p2": "pedro fernandes", "format": "[Gen 8] Random Battle", "log": "|j|\u2606tangytangerine\n|j|\u2606pedro fernandes\n|t:|1685539762\n|gametype|singles\n|player|p1|tangytangerine|fantina|1026\n|player|p2|pedro fernandes|grimsley|1074\n|teamsize|p1|6\n|teamsize|p2|6\n|gen|8\n|tier|[Gen 8] Random Battle\n|rated|\n|rule|Species Clause: Limit one of each Pok\u00e9mon\n|rule|HP Percentage Mod: HP is shown in percentages\n|rule|Sleep Clause Mod: Limit one foe put to sleep\n|\n|t:|1685539762\n|start\n|switch|p1a: Vanilluxe|Vanilluxe, L82, M|251/251\n|switch|p2a: Drednaw|Drednaw, L84, F|288/288\n|-weather|Hail|[from] ability: Snow Warning|[of] p1a: Vanilluxe\n|turn|1\n|\n|t:|1685539787\n|move|p1a: Vanilluxe|Blizzard|p2a: Drednaw\n|-resisted|p2a: Drednaw\n|-damage|p2a: Drednaw|216/288\n|move|p2a: Drednaw|Swords Dance|p2a: Drednaw\n|-boost|p2a: Drednaw|atk|2\n|\n|-weather|Hail|[upkeep]\n|-damage|p2a: Drednaw|198/288|[from] Hail\n|upkeep\n|turn|2\n|\n|t:|1685539811\n|move|p1a: Vanilluxe|Freeze-Dry|p2a: Drednaw\n|-supereffective|p2a: Drednaw\n|-damage|p2a: Drednaw|22/288\n|move|p2a: Drednaw|Stone Edge|p1a: Vanilluxe\n|-supereffective|p1a: Vanilluxe\n|-damage|p1a: Vanilluxe|0 fnt\n|faint|p1a: Vanilluxe\n|-damage|p2a: Drednaw|0 fnt|[from] item: Life Orb\n|faint|p2a: Drednaw\n|\n|-weather|Hail|[upkeep]\n|upkeep\n|\n|t:|1685539825\n|switch|p1a: Octillery|Octillery, L86, M|269/269\n|switch|p2a: Sawk|Sawk, L86, M|269/269\n|turn|3\n|\n|t:|1685539837\n|move|p2a: Sawk|Poison Jab|p1a: Octillery\n|-damage|p1a: Octillery|187/269\n|move|p1a: Octillery|Gunk Shot|p2a: Sawk\n|-damage|p2a: Sawk|171/269\n|-status|p2a: Sawk|psn\n|\n|-weather|Hail|[upkeep]\n|-damage|p2a: Sawk|155/269 psn|[from] Hail\n|-damage|p1a: Octillery|171/269|[from] Hail\n|-heal|p1a: Octillery|187/269|[from] item: Leftovers\n|-damage|p2a: Sawk|122/269 psn|[from] psn\n|-ability|p1a: Octillery|Moody|boost\n|-boost|p1a: Octillery|spa|2\n|-unboost|p1a: Octillery|atk|1\n|upkeep\n|turn|4\n|\n|t:|1685539853\n|move|p1a: Octillery|Protect|p1a: Octillery\n|-singleturn|p1a: Octillery|Protect\n|move|p2a: Sawk|Poison Jab|p1a: Octillery\n|-activate|p1a: Octillery|move: Protect\n|\n|-weather|Hail|[upkeep]\n|-damage|p2a: Sawk|106/269 psn|[from] Hail\n|-damage|p1a: Octillery|171/269|[from] Hail\n|-heal|p1a: Octillery|187/269|[from] item: Leftovers\n|-damage|p2a: Sawk|73/269 psn|[from] psn\n|-ability|p1a: Octillery|Moody|boost\n|-boost|p1a: Octillery|atk|2\n|-unboost|p1a: Octillery|spa|1\n|upkeep\n|turn|5\n|\n|t:|1685539867\n|move|p2a: Sawk|Poison Jab|p1a: Octillery\n|-damage|p1a: Octillery|105/269\n|move|p1a: Octillery|Fire Blast|p2a: Sawk\n|-damage|p2a: Sawk|0 fnt\n|faint|p2a: Sawk\n|\n|-weather|none\n|-heal|p1a: Octillery|121/269|[from] item: Leftovers\n|-ability|p1a: Octillery|Moody|boost\n|-boost|p1a: Octillery|spe|2\n|-unboost|p1a: Octillery|atk|1\n|upkeep\n|\n|t:|1685539891\n|switch|p2a: Thundurus|Thundurus-Therian, L80, M|258/258\n|turn|6\n|\n|t:|1685539897\n|move|p2a: Thundurus|Grass Knot|p1a: Octillery\n|-supereffective|p1a: Octillery\n|-damage|p1a: Octillery|11/269\n|move|p1a: Octillery|Gunk Shot|p2a: Thundurus\n|-damage|p2a: Thundurus|133/258\n|\n|-heal|p1a: Octillery|27/269|[from] item: Leftovers\n|-ability|p1a: Octillery|Moody|boost\n|-boost|p1a: Octillery|atk|2\n|-unboost|p1a: Octillery|def|1\n|upkeep\n|turn|7\n|\n|t:|1685539909\n|move|p1a: Octillery|Protect|p1a: Octillery\n|-singleturn|p1a: Octillery|Protect\n|move|p2a: Thundurus|Grass Knot|p1a: Octillery\n|-activate|p1a: Octillery|move: Protect\n|\n|-heal|p1a: Octillery|43/269|[from] item: Leftovers\n|-ability|p1a: Octillery|Moody|boost\n|-boost|p1a: Octillery|atk|2\n|-unboost|p1a: Octillery|spd|1\n|upkeep\n|turn|8\n|\n|t:|1685539920\n|move|p2a: Thundurus|Grass Knot|p1a: Octillery\n|-supereffective|p1a: Octillery\n|-damage|p1a: Octillery|0 fnt\n|faint|p1a: Octillery\n|\n|upkeep\n|\n|t:|1685539926\n|switch|p1a: Shedinja|Shedinja, L88|1/1\n|turn|9\n|\n|t:|1685539939\n|switch|p2a: Kingler|Kingler, L84, M|230/230\n|move|p1a: Shedinja|X-Scissor|p2a: Kingler\n|-damage|p2a: Kingler|160/230\n|\n|upkeep\n|turn|10\n|\n|t:|1685539954\n|move|p2a: Kingler|Rock Slide|p1a: Shedinja\n|-supereffective|p1a: Shedinja\n|-damage|p1a: Shedinja|0 fnt\n|faint|p1a: Shedinja\n|\n|upkeep\n|\n|t:|1685539960\n|switch|p1a: Dragapult|Dragapult, L78, F|265/265\n|turn|11\n|\n|t:|1685539968\n|move|p1a: Dragapult|Thunderbolt|p2a: Kingler\n|-supereffective|p2a: Kingler\n|-damage|p2a: Kingler|0 fnt\n|faint|p2a: Kingler\n|\n|upkeep\n|\n|t:|1685539973\n|switch|p2a: Thundurus|Thundurus-Therian, L80, M|133/258\n|turn|12\n|\n|t:|1685539985\n|switch|p1a: Klinklang|Klinklang, L84|238/238\n|move|p2a: Thundurus|Thunderbolt|p1a: Klinklang\n|-damage|p1a: Klinklang|120/238\n|\n|-heal|p1a: Klinklang|134/238|[from] item: Leftovers\n|upkeep\n|turn|13\n|\n|t:|1685539999\n|switch|p2a: Hippowdon|Hippowdon, L80, F|304/304\n|-weather|Sandstorm|[from] ability: Sand Stream|[of] p2a: Hippowdon\n|move|p1a: Klinklang|Gear Grind|p2a: Hippowdon\n|-damage|p2a: Hippowdon|253/304\n|-damage|p2a: Hippowdon|208/304\n|-hitcount|p2a: Hippowdon|2\n|\n|-weather|Sandstorm|[upkeep]\n|-heal|p1a: Klinklang|148/238|[from] item: Leftovers\n|-heal|p2a: Hippowdon|227/304|[from] item: Leftovers\n|upkeep\n|turn|14\n|\n|t:|1685540013\n|move|p1a: Klinklang|Wild Charge|p2a: Hippowdon\n|-immune|p2a: Hippowdon\n|move|p2a: Hippowdon|Earthquake|p1a: Klinklang\n|-supereffective|p1a: Klinklang\n|-damage|p1a: Klinklang|0 fnt\n|faint|p1a: Klinklang\n|\n|-weather|Sandstorm|[upkeep]\n|-heal|p2a: Hippowdon|246/304|[from] item: Leftovers\n|upkeep\n|c|\u2606pedro fernandes|lol\n|\n|t:|1685540023\n|switch|p1a: Dragapult|Dragapult, L78, F|265/265\n|turn|15\n|\n|t:|1685540029\n|move|p1a: Dragapult|Draco Meteor|p2a: Hippowdon\n|-damage|p2a: Hippowdon|29/304\n|-unboost|p1a: Dragapult|spa|2\n|move|p2a: Hippowdon|Toxic|p1a: Dragapult\n|-status|p1a: Dragapult|tox\n|\n|-weather|Sandstorm|[upkeep]\n|-damage|p1a: Dragapult|249/265 tox|[from] Sandstorm\n|-heal|p2a: Hippowdon|48/304|[from] item: Leftovers\n|-damage|p1a: Dragapult|233/265 tox|[from] psn\n|upkeep\n|turn|16\n|\n|t:|1685540042\n|move|p1a: Dragapult|Draco Meteor|p2a: Hippowdon\n|-damage|p2a: Hippowdon|0 fnt\n|-unboost|p1a: Dragapult|spa|2\n|faint|p2a: Hippowdon\n|\n|-weather|Sandstorm|[upkeep]\n|-damage|p1a: Dragapult|217/265 tox|[from] Sandstorm\n|-damage|p1a: Dragapult|185/265 tox|[from] psn\n|upkeep\n|\n|t:|1685540047\n|switch|p2a: Whimsicott|Whimsicott, L84, F|238/238\n|turn|17\n|\n|t:|1685540072\n|-start|p1a: Dragapult|Dynamax|\n|-heal|p1a: Dragapult|370/530 tox|[silent]\n|move|p1a: Dragapult|Max Flutterby|p2a: Whimsicott\n|-damage|p2a: Whimsicott|141/238\n|-unboost|p2a: Whimsicott|spa|1\n|move|p2a: Whimsicott|Moonblast|p1a: Dragapult\n|-supereffective|p1a: Dragapult\n|-damage|p1a: Dragapult|236/530 tox\n|\n|-weather|none\n|-heal|p2a: Whimsicott|155/238|[from] item: Leftovers\n|-damage|p1a: Dragapult|188/530 tox|[from] psn\n|upkeep\n|turn|18\n|\n|t:|1685540104\n|-start|p2a: Whimsicott|Dynamax|\n|-heal|p2a: Whimsicott|310/476|[silent]\n|move|p1a: Dragapult|Max Phantasm|p2a: Whimsicott\n|-damage|p2a: Whimsicott|262/476\n|-unboost|p2a: Whimsicott|def|1\n|move|p2a: Whimsicott|Max Starfall|p1a: Dragapult\n|-supereffective|p1a: Dragapult\n|-damage|p1a: Dragapult|0 fnt\n|-fieldstart|move: Misty Terrain\n|faint|p1a: Dragapult\n|\n|-heal|p2a: Whimsicott|276/476|[from] item: Leftovers\n|upkeep\n|\n|t:|1685540119\n|switch|p1a: Gothitelle|Gothitelle, L86, M|261/261\n|turn|19\n|inactive|Battle timer is ON: inactive players will automatically lose when time's up. (requested by tangytangerine)\n|\n|t:|1685540160\n|move|p2a: Whimsicott|Max Flutterby|p1a: Gothitelle\n|-supereffective|p1a: Gothitelle\n|-damage|p1a: Gothitelle|143/261\n|-unboost|p1a: Gothitelle|spa|1\n|move|p1a: Gothitelle|Psychic|p2a: Whimsicott\n|-damage|p2a: Whimsicott|195/476\n|\n|-heal|p2a: Whimsicott|209/476|[from] item: Leftovers\n|-heal|p1a: Gothitelle|159/261|[from] item: Leftovers\n|upkeep\n|turn|20\n|\n|t:|1685540172\n|move|p2a: Whimsicott|Max Flutterby|p1a: Gothitelle\n|-supereffective|p1a: Gothitelle\n|-damage|p1a: Gothitelle|33/261\n|-unboost|p1a: Gothitelle|spa|1\n|move|p1a: Gothitelle|Thunderbolt|p2a: Whimsicott\n|-resisted|p2a: Whimsicott\n|-damage|p2a: Whimsicott|189/476\n|\n|-heal|p2a: Whimsicott|203/476|[from] item: Leftovers\n|-heal|p1a: Gothitelle|49/261|[from] item: Leftovers\n|upkeep\n|-end|p2a: Whimsicott|Dynamax\n|-heal|p2a: Whimsicott|102/238|[silent]\n|turn|21\n|c|\u2606pedro fernandes|faz o L filho da puta\n|\n|t:|1685540201\n|move|p2a: Whimsicott|U-turn|p1a: Gothitelle\n|-supereffective|p1a: Gothitelle\n|-damage|p1a: Gothitelle|0 fnt\n|faint|p1a: Gothitelle\n|\n|win|pedro fernandes\n|raw|tangytangerine's rating: 1026 &rarr; <strong>1014</strong><br />(-12 for losing)\n|raw|pedro fernandes's rating: 1074 &rarr; <strong>1099</strong><br />(+25 for winning)\n", "inputlog": ">version d94486096666f9f03053a01e17a1c7fdbd408dfa\n>start {\"formatid\":\"gen8randombattle\",\"seed\":[50945,27175,21150,57474],\"rated\":\"Rated battle\"}\n>player p1 {\"name\":\"tangytangerine\",\"avatar\":\"fantina\",\"rating\":1026,\"seed\":[49219,55585,55029,8124]}\n>player p2 {\"name\":\"pedro fernandes\",\"avatar\":\"grimsley\",\"rating\":1074,\"seed\":[59009,62083,32651,57871]}\n>p1 move blizzard\n>p2 move swordsdance\n>p1 move freezedry\n>p2 move stoneedge\n>p1 switch 6\n>p2 switch 3\n>p1 move gunkshot\n>p2 move poisonjab\n>p1 move protect\n>p2 move poisonjab\n>p1 move fireblast\n>p2 move poisonjab\n>p2 switch 6\n>p1 move gunkshot\n>p2 move grassknot\n>p1 move protect\n>p2 move grassknot\n>p1 move gunkshot\n>p2 move grassknot\n>p1 switch 3\n>p1 move xscissor\n>p2 switch 5\n>p1 move poltergeist\n>p2 move rockslide\n>p1 switch 4\n>p1 move thunderbolt\n>p2 move xscissor\n>p2 switch 5\n>p1 switch 2\n>p2 move thunderbolt\n>p1 move geargrind\n>p2 switch 4\n>p1 move wildcharge\n>p2 move earthquake\n>chat \u2606pedro fernandes|lol\n>p1 switch 2\n>p1 move dracometeor\n>p2 move toxic\n>p1 move dracometeor\n>p2 move slackoff\n>p2 switch 2\n>p1 move uturn dynamax\n>p2 move moonblast\n>p1 move shadowball dynamax\n>p2 move moonblast dynamax\n>p1 switch 5\n>p1 move psychic\n>p2 move uturn dynamax\n>p1 move thunderbolt\n>p2 move uturn dynamax\n>chat \u2606pedro fernandes|faz o L filho da puta\n>p1 move shadowball\n>p2 move uturn", "uploadtime": 1685540200, "views": 4, "p1id": "tangytangerine", "p2id": "pedrofernandes", "formatid": "gen8randombattle", "rating": 1014, "private": 0, "password": ""}