{"id": "gen8randombattle-1873744251", "p1": "sharp_claw", "p2": "tomsucksatpiano", "format": "[Gen 8] Random Battle", "log": "|j|\u2606sharp_claw\n|j|\u2606tomsucksatpiano\n|t:|1685413846\n|gametype|singles\n|player|p1|sharp_claw|#teamvictini|\n|player|p2|tomsucksatpiano|gamer-gen3|\n|teamsize|p1|6\n|teamsize|p2|6\n|gen|8\n|tier|[Gen 8] Random Battle\n|rule|Species Clause: Limit one of each Pok\u00e9mon\n|rule|HP Percentage Mod: HP is shown in percentages\n|rule|Sleep Clause Mod: Limit one foe put to sleep\n|\n|t:|1685413846\n|start\n|switch|p1a: Venusaur|Venusaur, L82, M|265/265\n|switch|p2a: Quagsire|Quagsire, L84, F|297/297\n|turn|1\n|c|\u2606sharp_claw|hf :D\n|c|\u2606tomsucksatpiano|u 2 :))\n|inactive|Battle timer is ON: inactive players will automatically lose when time's up. (requested by sharp_claw)\n|\n|t:|1685413886\n|switch|p2a: Glaceon|Glaceon, L88, F|258/258\n|move|p1a: Venusaur|Substitute|p1a: Venusaur\n|-start|p1a: Venusaur|Substitute\n|-damage|p1a: Venusaur|199/265\n|\n|-heal|p1a: Venusaur|215/265|[from] item: Black Sludge\n|upkeep\n|turn|2\n|\n|t:|1685413910\n|move|p1a: Venusaur|Sleep Powder|p2a: Glaceon\n|-status|p2a: Glaceon|slp|[from] move: Sleep Powder\n|cant|p2a: Glaceon|slp\n|\n|-heal|p1a: Venusaur|231/265|[from] item: Black Sludge\n|upkeep\n|turn|3\n|\n|t:|1685413924\n|move|p1a: Venusaur|Sludge Bomb|p2a: Glaceon\n|-damage|p2a: Glaceon|174/258 slp\n|cant|p2a: Glaceon|slp\n|\n|-heal|p1a: Venusaur|247/265|[from] item: Black Sludge\n|-heal|p2a: Glaceon|190/258 slp|[from] item: Leftovers\n|upkeep\n|turn|4\n|inactive|tomsucksatpiano has 270 seconds left.\n|inactive|tomsucksatpiano has 240 seconds left.\n|\n|t:|1685413977\n|move|p1a: Venusaur|Sludge Bomb|p2a: Glaceon\n|-damage|p2a: Glaceon|111/258 slp\n|-curestatus|p2a: Glaceon|slp|[msg]\n|move|p2a: Glaceon|Wish|p2a: Glaceon\n|\n|-heal|p1a: Venusaur|263/265|[from] item: Black Sludge\n|-heal|p2a: Glaceon|127/258|[from] item: Leftovers\n|upkeep\n|turn|5\n|inactive|tomsucksatpiano has 240 seconds left.\n|\n|t:|1685413992\n|move|p2a: Glaceon|Protect|p2a: Glaceon\n|-singleturn|p2a: Glaceon|Protect\n|move|p1a: Venusaur|Sleep Powder|p2a: Glaceon\n|-activate|p2a: Glaceon|move: Protect\n|\n|-heal|p2a: Glaceon|256/258|[from] move: Wish|[wisher] Glaceon\n|-heal|p1a: Venusaur|265/265|[from] item: Black Sludge\n|-heal|p2a: Glaceon|258/258|[from] item: Leftovers\n|upkeep\n|turn|6\n|inactive|tomsucksatpiano has 240 seconds left.\n|\n|t:|1685414007\n|move|p1a: Venusaur|Leech Seed|p2a: Glaceon\n|-start|p2a: Glaceon|move: Leech Seed\n|move|p2a: Glaceon|Wish|p2a: Glaceon\n|\n|-damage|p2a: Glaceon|226/258|[from] Leech Seed|[of] p1a: Venusaur\n|upkeep\n|turn|7\n|inactive|tomsucksatpiano has 240 seconds left.\n|\n|t:|1685414033\n|switch|p2a: Malamar|Malamar, L80, F|269/269\n|move|p1a: Venusaur|Sleep Powder|p2a: Malamar\n|-status|p2a: Malamar|slp|[from] move: Sleep Powder\n|\n|upkeep\n|turn|8\n|\n|t:|1685414042\n|switch|p2a: Mr. Rime|Mr. Rime, L86, F|278/278\n|move|p1a: Venusaur|Leech Seed|p2a: Mr. Rime\n|-start|p2a: Mr. Rime|move: Leech Seed\n|\n|-damage|p2a: Mr. Rime|244/278|[from] Leech Seed|[of] p1a: Venusaur\n|upkeep\n|turn|9\n|\n|t:|1685414053\n|move|p1a: Venusaur|Sludge Bomb|p2a: Mr. Rime\n|-damage|p2a: Mr. Rime|166/278\n|-status|p2a: Mr. Rime|psn\n|move|p2a: Mr. Rime|Rapid Spin|p1a: Venusaur\n|-activate|p1a: Venusaur|move: Substitute|[damage]\n|-end|p2a: Mr. Rime|Leech Seed|[from] move: Rapid Spin|[of] p2a: Mr. Rime\n|-boost|p2a: Mr. Rime|spe|1\n|\n|-damage|p2a: Mr. Rime|132/278 psn|[from] psn\n|upkeep\n|turn|10\n|\n|t:|1685414060\n|move|p2a: Mr. Rime|Psychic|p1a: Venusaur\n|-supereffective|p1a: Venusaur\n|-end|p1a: Venusaur|Substitute\n|move|p1a: Venusaur|Sludge Bomb|p2a: Mr. Rime\n|-damage|p2a: Mr. Rime|50/278 psn\n|\n|-damage|p2a: Mr. Rime|16/278 psn|[from] psn\n|upkeep\n|turn|11\n|\n|t:|1685414069\n|switch|p1a: Solrock|Solrock, L88|302/302\n|move|p2a: Mr. Rime|Psychic|p1a: Solrock\n|-resisted|p1a: Solrock\n|-damage|p1a: Solrock|240/302\n|\n|-heal|p1a: Solrock|258/302|[from] item: Leftovers\n|-damage|p2a: Mr. Rime|0 fnt|[from] psn\n|faint|p2a: Mr. Rime\n|upkeep\n|inactive|tomsucksatpiano has 210 seconds left.\n|inactive|tomsucksatpiano has 180 seconds left.\n|\n|t:|1685414148\n|switch|p2a: Turtonator|Turtonator, L84, F|238/238\n|turn|12\n|inactive|tomsucksatpiano has 150 seconds left.\n|inactive|sharp_claw has 270 seconds left.\n|\n|t:|1685414185\n|move|p1a: Solrock|Rock Slide|p2a: Turtonator|[miss]\n|-miss|p1a: Solrock|p2a: Turtonator\n|move|p2a: Turtonator|Shell Smash|p2a: Turtonator\n|-unboost|p2a: Turtonator|def|1\n|-unboost|p2a: Turtonator|spd|1\n|-boost|p2a: Turtonator|atk|2\n|-boost|p2a: Turtonator|spa|2\n|-boost|p2a: Turtonator|spe|2\n|-enditem|p2a: Turtonator|White Herb\n|-clearnegativeboost|p2a: Turtonator|[silent]\n|\n|-heal|p1a: Solrock|276/302|[from] item: Leftovers\n|upkeep\n|turn|13\n|c|\u2606sharp_claw|you hate to see it\n|inactive|sharp_claw has 270 seconds left.\n|inactive|tomsucksatpiano has 150 seconds left.\n|\n|t:|1685414200\n|move|p2a: Turtonator|Draco Meteor|p1a: Solrock\n|-damage|p1a: Solrock|0 fnt\n|-unboost|p2a: Turtonator|spa|2\n|faint|p1a: Solrock\n|\n|upkeep\n|\n|t:|1685414217\n|switch|p1a: Suicune|Suicune, L80|291/291\n|-ability|p1a: Suicune|Pressure\n|turn|14\n|inactive|tomsucksatpiano has 150 seconds left.\n|\n|t:|1685414240\n|switch|p2a: Quagsire|Quagsire, L84, F|297/297\n|move|p1a: Suicune|Calm Mind|p1a: Suicune\n|-boost|p1a: Suicune|spa|1\n|-boost|p1a: Suicune|spd|1\n|\n|upkeep\n|turn|15\n|inactive|tomsucksatpiano has 120 seconds left.\n|\n|t:|1685414274\n|switch|p1a: Venusaur|Venusaur, L82, M|265/265\n|switch|p2a: Turtonator|Turtonator, L84, F|238/238\n|\n|upkeep\n|turn|16\n|inactive|sharp_claw has 270 seconds left.\n|inactive|tomsucksatpiano has 120 seconds left.\n|\n|t:|1685414285\n|switch|p1a: Suicune|Suicune, L80|291/291\n|-ability|p1a: Suicune|Pressure\n|move|p2a: Turtonator|Fire Blast|p1a: Suicune\n|-resisted|p1a: Suicune\n|-damage|p1a: Suicune|240/291\n|\n|-heal|p1a: Suicune|258/291|[from] item: Leftovers\n|upkeep\n|turn|17\n|inactive|tomsucksatpiano has 120 seconds left.\n|\n|t:|1685414317\n|move|p1a: Suicune|Ice Beam|p2a: Turtonator\n|-damage|p2a: Turtonator|185/238\n|move|p2a: Turtonator|Fire Blast|p1a: Suicune\n|-resisted|p1a: Suicune\n|-damage|p1a: Suicune|210/291\n|-status|p1a: Suicune|brn\n|\n|-heal|p1a: Suicune|228/291 brn|[from] item: Leftovers\n|-damage|p1a: Suicune|210/291 brn|[from] brn\n|upkeep\n|turn|18\n|inactive|sharp_claw has 270 seconds left.\n|inactive|tomsucksatpiano has 90 seconds left.\n|\n|t:|1685414355\n|switch|p2a: Quagsire|Quagsire, L84, F|297/297\n|move|p1a: Suicune|Calm Mind|p1a: Suicune\n|-boost|p1a: Suicune|spa|1\n|-boost|p1a: Suicune|spd|1\n|\n|-heal|p1a: Suicune|228/291 brn|[from] item: Leftovers\n|-damage|p1a: Suicune|210/291 brn|[from] brn\n|upkeep\n|turn|19\n|\n|t:|1685414368\n|switch|p1a: Venusaur|Venusaur, L82, M|265/265\n|move|p2a: Quagsire|Earthquake|p1a: Venusaur\n|-damage|p1a: Venusaur|166/265\n|\n|-heal|p1a: Venusaur|182/265|[from] item: Black Sludge\n|upkeep\n|turn|20\n|\n|t:|1685414385\n|move|p1a: Venusaur|Leech Seed|p2a: Quagsire\n|-start|p2a: Quagsire|move: Leech Seed\n|move|p2a: Quagsire|Earthquake|p1a: Venusaur\n|-crit|p1a: Venusaur\n|-damage|p1a: Venusaur|14/265\n|\n|-heal|p1a: Venusaur|30/265|[from] item: Black Sludge\n|-damage|p2a: Quagsire|260/297|[from] Leech Seed|[of] p1a: Venusaur\n|-heal|p1a: Venusaur|67/265|[silent]\n|upkeep\n|turn|21\n|\n|t:|1685414407\n|move|p1a: Venusaur|Substitute|p1a: Venusaur\n|-start|p1a: Venusaur|Substitute\n|-damage|p1a: Venusaur|1/265\n|move|p2a: Quagsire|Earthquake|p1a: Venusaur\n|-end|p1a: Venusaur|Substitute\n|\n|-heal|p1a: Venusaur|17/265|[from] item: Black Sludge\n|-heal|p2a: Quagsire|278/297|[from] item: Leftovers\n|-damage|p2a: Quagsire|241/297|[from] Leech Seed|[of] p1a: Venusaur\n|-heal|p1a: Venusaur|54/265|[silent]\n|upkeep\n|turn|22\n|\n|t:|1685414416\n|move|p1a: Venusaur|Sludge Bomb|p2a: Quagsire\n|-resisted|p2a: Quagsire\n|-damage|p2a: Quagsire|183/297\n|move|p2a: Quagsire|Earthquake|p1a: Venusaur\n|-damage|p1a: Venusaur|0 fnt\n|faint|p1a: Venusaur\n|\n|-heal|p2a: Quagsire|201/297|[from] item: Leftovers\n|upkeep\n|inactive|sharp_claw has 270 seconds left.\n|\n|t:|1685414441\n|switch|p1a: Absol|Absol, L84, M|246/246\n|turn|23\n|inactive|tomsucksatpiano has 90 seconds left.\n|\n|t:|1685414461\n|switch|p2a: Glaceon|Glaceon, L88, F|226/258\n|move|p1a: Absol|Knock Off|p2a: Glaceon\n|-damage|p2a: Glaceon|86/258\n|-enditem|p2a: Glaceon|Leftovers|[from] move: Knock Off|[of] p1a: Absol\n|-damage|p1a: Absol|222/246|[from] item: Life Orb\n|\n|upkeep\n|turn|24\n|inactive|sharp_claw has 270 seconds left.\n|\n|t:|1685414488\n|move|p1a: Absol|Swords Dance|p1a: Absol\n|-boost|p1a: Absol|atk|2\n|move|p2a: Glaceon|Wish|p2a: Glaceon\n|\n|upkeep\n|turn|25\n|inactive|tomsucksatpiano has 60 seconds left.\n|\n|t:|1685414517\n|move|p1a: Absol|Swords Dance|p1a: Absol\n|-boost|p1a: Absol|atk|2\n|move|p2a: Glaceon|Freeze-Dry|p1a: Absol\n|-damage|p1a: Absol|93/246\n|\n|-heal|p2a: Glaceon|215/258|[from] move: Wish|[wisher] Glaceon\n|upkeep\n|turn|26\n|\n|t:|1685414527\n|move|p1a: Absol|Knock Off|p2a: Glaceon\n|-damage|p2a: Glaceon|0 fnt\n|faint|p2a: Glaceon\n|-damage|p1a: Absol|69/246|[from] item: Life Orb\n|\n|upkeep\n|\n|t:|1685414542\n|switch|p2a: Quagsire|Quagsire, L84, F|201/297\n|turn|27\n|\n|t:|1685414549\n|move|p1a: Absol|Knock Off|p2a: Quagsire\n|-crit|p2a: Quagsire\n|-damage|p2a: Quagsire|0 fnt\n|-enditem|p2a: Quagsire|Leftovers|[from] move: Knock Off|[of] p1a: Absol\n|faint|p2a: Quagsire\n|-damage|p1a: Absol|45/246|[from] item: Life Orb\n|\n|upkeep\n|inactive|tomsucksatpiano has 30 seconds left.\n|inactive|tomsucksatpiano has 20 seconds left.\n|inactive|tomsucksatpiano has 15 seconds left.\n|\n|t:|1685414590\n|switch|p2a: Malamar|Malamar, L80, F|269/269 slp\n|turn|28\n|inactive|tomsucksatpiano has 25 seconds left this turn.\n|\n|t:|1685414595\n|move|p1a: Absol|Knock Off|p2a: Malamar\n|-damage|p2a: Malamar|0 fnt\n|-enditem|p2a: Malamar|Leftovers|[from] move: Knock Off|[of] p1a: Absol\n|faint|p2a: Malamar\n|-damage|p1a: Absol|21/246|[from] item: Life Orb\n|\n|upkeep\n|inactive|tomsucksatpiano has 30 seconds left this turn.\n|\n|t:|1685414604\n|switch|p2a: Turtonator|Turtonator, L84, F|185/238\n|turn|29\n|inactive|tomsucksatpiano has 30 seconds left.\n|\n|t:|1685414617\n|move|p1a: Absol|Knock Off|p2a: Turtonator\n|-damage|p2a: Turtonator|0 fnt\n|faint|p2a: Turtonator\n|-damage|p1a: Absol|0 fnt|[from] item: Life Orb\n|faint|p1a: Absol\n|\n|upkeep\n|inactive|tomsucksatpiano has 30 seconds left.\n|\n|t:|1685414636\n|switch|p1a: Urshifu|Urshifu-Rapid-Strike, L78, F|284/284\n|switch|p2a: Rhyperior|Rhyperior, L82, M|323/323\n|turn|30\n|inactive|tomsucksatpiano has 30 seconds left.\n|inactive|tomsucksatpiano has 20 seconds left.\n|inactive|tomsucksatpiano has 15 seconds left.\n|inactive|tomsucksatpiano has 10 seconds left.\n|inactive|tomsucksatpiano has 5 seconds left.\n|c|\u2606sharp_claw|mr rime being the fastest thing on your team is rough\n|\n|t:|1685414675\n|move|p1a: Urshifu|Drain Punch|p2a: Rhyperior\n|-supereffective|p2a: Rhyperior\n|-damage|p2a: Rhyperior|229/323\n|-enditem|p2a: Rhyperior|Weakness Policy\n|-boost|p2a: Rhyperior|atk|2|[from] item: Weakness Policy\n|-boost|p2a: Rhyperior|spa|2|[from] item: Weakness Policy\n|move|p2a: Rhyperior|Rock Polish|p2a: Rhyperior\n|-boost|p2a: Rhyperior|spe|2\n|\n|upkeep\n|turn|31\n|inactive|tomsucksatpiano has 15 seconds left this turn.\n|inactive|tomsucksatpiano has 10 seconds left.\n|inactive|tomsucksatpiano has 5 seconds left.\n|c|\u2606sharp_claw|and that\n|inactive|sharp_claw has 270 seconds left.\n|c|\u2606sharp_claw|was a great misclick\n|c|\u2606sharp_claw|huh\n|c|\u2606tomsucksatpiano|RIP\n|\n|t:|1685414695\n|-start|p2a: Rhyperior|Dynamax|\n|-heal|p2a: Rhyperior|458/646|[silent]\n|-start|p1a: Urshifu|Dynamax|\n|-heal|p1a: Urshifu|568/568|[silent]\n|move|p2a: Rhyperior|Max Rockfall|p1a: Urshifu\n|-resisted|p1a: Urshifu\n|-damage|p1a: Urshifu|402/568\n|-weather|Sandstorm\n|move|p1a: Urshifu|Max Geyser|p2a: Rhyperior\n|-supereffective|p2a: Rhyperior\n|-damage|p2a: Rhyperior|113/646\n|-weather|RainDance\n|\n|-weather|RainDance|[upkeep]\n|-heal|p1a: Urshifu|419/568|[from] item: Leftovers\n|upkeep\n|turn|32\n|inactive|tomsucksatpiano has 15 seconds left this turn.\n|inactive|tomsucksatpiano has 10 seconds left.\n|c|\u2606sharp_claw|but still ok lol\n|inactive|tomsucksatpiano has 5 seconds left.\n|c|\u2606sharp_claw|I meant to bulk up\n|c|\u2606sharp_claw|but no matter\n|-message|tomsucksatpiano lost due to inactivity.\n|\n|win|sharp_claw\n|c|\u2606sharp_claw|gg\n|c|\u2606tomsucksatpiano|GGWP\n|c|\u2606tomsucksatpiano|caps\n", "inputlog": ">version 6fec31d5a0d4498a06105aa188c9906bc0b6bf95\n>start {\"formatid\":\"gen8randombattle\",\"seed\":[25546,18792,27227,10129]}\n>player p1 {\"name\":\"sharp_claw\",\"avatar\":\"#teamvictini\",\"rating\":0,\"seed\":[59384,40975,12555,38979]}\n>player p2 {\"name\":\"tomsucksatpiano\",\"avatar\":\"gamer-gen3\",\"rating\":0,\"seed\":[15720,45121,48753,10465]}\n>chat \u2606sharp_claw|hf :D\n>chat \u2606tomsucksatpiano|u 2 :))\n>p1 move substitute\n>p2 switch 6\n>p1 move sleeppowder\n>p2 move freezedry\n>p1 move sludgebomb\n>p2 move freezedry\n>p1 move sludgebomb\n>p2 move wish\n>p1 move sleeppowder\n>p2 move protect\n>p1 move leechseed\n>p2 move wish\n>p1 move sleeppowder\n>p2 switch 2\n>p1 move leechseed\n>p2 switch 3\n>p1 move sludgebomb\n>p2 move rapidspin\n>p1 move sludgebomb\n>p2 move psychic\n>p1 switch 2\n>p2 move psychic\n>p2 switch 4\n>p1 move rockslide\n>p2 move shellsmash\n>chat \u2606sharp_claw|you hate to see it\n>p1 move rockslide\n>p2 move dracometeor\n>p1 switch 3\n>p1 move calmmind\n>p2 switch 6\n>p1 switch 2\n>p2 switch 6\n>p1 switch 2\n>p2 move fireblast\n>p1 move icebeam\n>p2 move fireblast\n>p1 move calmmind\n>p2 switch 6\n>p1 switch 2\n>p2 move earthquake\n>p1 move leechseed\n>p2 move earthquake\n>p1 move substitute\n>p2 move earthquake\n>p1 move sludgebomb\n>p2 move earthquake\n>p1 switch 6\n>p1 move knockoff\n>p2 switch 2\n>p1 move swordsdance\n>p2 move wish\n>p1 move swordsdance\n>p2 move freezedry\n>p1 move knockoff\n>p2 move freezedry\n>p2 switch 2\n>p1 move knockoff\n>p2 move earthquake\n>p2 switch 3\n>p1 move knockoff\n>p2 move sleeptalk\n>p2 switch 6\n>p1 move knockoff\n>p2 move willowisp\n>p1 switch 5\n>p2 switch 5\n>chat \u2606sharp_claw|mr rime being the fastest thing on your team is rough\n>p1 move drainpunch\n>p2 move rockpolish\n>chat \u2606sharp_claw|and that\n>chat \u2606sharp_claw|was a great misclick\n>chat \u2606sharp_claw|huh\n>chat \u2606tomsucksatpiano|RIP\n>p1 move surgingstrikes dynamax\n>p2 move stoneedge dynamax\n>chat \u2606sharp_claw|but still ok lol\n>chat \u2606sharp_claw|I meant to bulk up\n>chat \u2606sharp_claw|but no matter\n>forcelose p2", "uploadtime": 1685414715, "views": 14, "p1id": "sharpclaw", "p2id": "tomsucksatpiano", "formatid": "gen8randombattle", "rating": 0, "private": 0, "password": ""}