{"id": "gen8randombattle-1875033262", "p1": "Satanitar", "p2": "judyp", "format": "[Gen 8] Random Battle", "log": "|j|\u2606Satanitar\n|j|\u2606judyp\n|t:|1685562140\n|gametype|singles\n|player|p1|Satanitar|170|1223\n|player|p2|judyp|steven|1266\n|teamsize|p1|6\n|teamsize|p2|6\n|gen|8\n|tier|[Gen 8] Random Battle\n|rated|\n|rule|Species Clause: Limit one of each Pok\u00e9mon\n|rule|HP Percentage Mod: HP is shown in percentages\n|rule|Sleep Clause Mod: Limit one foe put to sleep\n|\n|t:|1685562140\n|start\n|switch|p1a: Porygon-Z|Porygon-Z, L80|267/267\n|switch|p2a: Darmanitan|Darmanitan-Galar, L78, F|291/291\n|-ability|p1a: Porygon-Z|Download|boost\n|-boost|p1a: Porygon-Z|spa|1\n|turn|1\n|inactive|Battle timer is ON: inactive players will automatically lose when time's up. (requested by Satanitar)\n|\n|t:|1685562168\n|move|p2a: Darmanitan|U-turn|p1a: Porygon-Z\n|-damage|p1a: Porygon-Z|150/267\n|\n|t:|1685562170\n|switch|p2a: Dunsparce|Dunsparce, L90, F|326/326|[from] U-turn\n|move|p1a: Porygon-Z|Tri Attack|p2a: Dunsparce\n|-damage|p2a: Dunsparce|108/326\n|-damage|p1a: Porygon-Z|124/267|[from] item: Life Orb\n|\n|-heal|p2a: Dunsparce|128/326|[from] item: Leftovers\n|upkeep\n|turn|2\n|\n|t:|1685562182\n|move|p1a: Porygon-Z|Tri Attack|p2a: Dunsparce\n|-damage|p2a: Dunsparce|0 fnt\n|faint|p2a: Dunsparce\n|-damage|p1a: Porygon-Z|98/267|[from] item: Life Orb\n|\n|upkeep\n|\n|t:|1685562193\n|switch|p2a: Darmanitan|Darmanitan-Galar, L78, F|291/291\n|turn|3\n|inactive|Satanitar has 120 seconds left.\n|\n|t:|1685562249\n|move|p2a: Darmanitan|U-turn|p1a: Porygon-Z\n|-damage|p1a: Porygon-Z|0 fnt\n|faint|p1a: Porygon-Z\n|\n|t:|1685562265\n|switch|p2a: Regidrago|Regidrago, L78|440/440|[from] U-turn\n|\n|upkeep\n|\n|t:|1685562280\n|switch|p1a: Exeggutor|Exeggutor, L86, F|304/304\n|turn|4\n|inactive|judyp has 120 seconds left.\n|\n|t:|1685562312\n|move|p2a: Regidrago|Draco Meteor|p1a: Exeggutor\n|-damage|p1a: Exeggutor|97/304\n|-unboost|p2a: Regidrago|spa|2\n|-enditem|p1a: Exeggutor|Sitrus Berry|[eat]\n|-heal|p1a: Exeggutor|173/304|[from] item: Sitrus Berry\n|move|p1a: Exeggutor|Sleep Powder|p2a: Regidrago\n|-status|p2a: Regidrago|slp|[from] move: Sleep Powder\n|\n|upkeep\n|turn|5\n|inactive|judyp has 120 seconds left.\n|\n|t:|1685562324\n|switch|p2a: Vaporeon|Vaporeon, L84, M|356/356\n|move|p1a: Exeggutor|Leech Seed|p2a: Vaporeon\n|-start|p2a: Vaporeon|move: Leech Seed\n|\n|-damage|p2a: Vaporeon|312/356|[from] Leech Seed|[of] p1a: Exeggutor\n|-heal|p1a: Exeggutor|217/304|[silent]\n|upkeep\n|turn|6\n|inactive|judyp has 120 seconds left.\n|\n|t:|1685562335\n|switch|p2a: Mr. Rime|Mr. Rime, L86, M|278/278\n|switch|p1a: Lucario|Lucario, L82, F|249/249\n|\n|upkeep\n|turn|7\n|\n|t:|1685562344\n|move|p1a: Lucario|Meteor Mash|p2a: Mr. Rime\n|-supereffective|p2a: Mr. Rime\n|-damage|p2a: Mr. Rime|0 fnt\n|faint|p2a: Mr. Rime\n|-damage|p1a: Lucario|225/249|[from] item: Life Orb\n|\n|upkeep\n|\n|t:|1685562350\n|switch|p2a: Darmanitan|Darmanitan-Galar, L78, F|291/291\n|turn|8\n|\n|t:|1685562369\n|switch|p1a: Thundurus|Thundurus, L80, M|258/258\n|move|p2a: Darmanitan|Superpower|p1a: Thundurus\n|-resisted|p1a: Thundurus\n|-damage|p1a: Thundurus|163/258\n|-unboost|p2a: Darmanitan|atk|1\n|-unboost|p2a: Darmanitan|def|1\n|\n|upkeep\n|turn|9\n|\n|t:|1685562377\n|switch|p2a: Regidrago|Regidrago, L78|440/440 slp\n|move|p1a: Thundurus|Thunderbolt|p2a: Regidrago\n|-resisted|p2a: Regidrago\n|-damage|p2a: Regidrago|386/440 slp\n|\n|upkeep\n|turn|10\n|inactive|Satanitar has 120 seconds left.\n|\n|t:|1685562417\n|switch|p1a: Lilligant|Lilligant, L84, F|255/255\n|cant|p2a: Regidrago|slp\n|\n|upkeep\n|turn|11\n|inactive|judyp has 120 seconds left.\n|\n|t:|1685562461\n|move|p1a: Lilligant|Quiver Dance|p1a: Lilligant\n|-boost|p1a: Lilligant|spa|1\n|-boost|p1a: Lilligant|spd|1\n|-boost|p1a: Lilligant|spe|1\n|cant|p2a: Regidrago|slp\n|\n|upkeep\n|turn|12\n|inactive|Satanitar has 120 seconds left.\n|\n|t:|1685562500\n|move|p1a: Lilligant|Quiver Dance|p1a: Lilligant\n|-boost|p1a: Lilligant|spa|1\n|-boost|p1a: Lilligant|spd|1\n|-boost|p1a: Lilligant|spe|1\n|cant|p2a: Regidrago|slp\n|\n|upkeep\n|turn|13\n|inactive|judyp has 120 seconds left.\n|\n|t:|1685562538\n|move|p1a: Lilligant|Quiver Dance|p1a: Lilligant\n|-boost|p1a: Lilligant|spa|1\n|-boost|p1a: Lilligant|spd|1\n|-boost|p1a: Lilligant|spe|1\n|-curestatus|p2a: Regidrago|slp|[msg]\n|move|p2a: Regidrago|Outrage|p1a: Lilligant\n|-damage|p1a: Lilligant|75/255\n|\n|upkeep\n|turn|14\n|\n|t:|1685562542\n|-start|p1a: Lilligant|Dynamax|\n|-heal|p1a: Lilligant|150/510|[silent]\n|move|p1a: Lilligant|Max Flutterby|p2a: Regidrago\n|-damage|p2a: Regidrago|14/440\n|-unboost|p2a: Regidrago|spa|1\n|-damage|p1a: Lilligant|125/510|[from] item: Life Orb\n|move|p2a: Regidrago|Outrage|p1a: Lilligant|[from]lockedmove\n|-crit|p1a: Lilligant\n|-damage|p1a: Lilligant|0 fnt\n|faint|p1a: Lilligant\n|-start|p2a: Regidrago|confusion|[fatigue]\n|\n|upkeep\n|inactive|Satanitar has 120 seconds left.\n|\n|t:|1685562563\n|switch|p1a: Lucario|Lucario, L82, F|225/249\n|turn|15\n|\n|t:|1685562569\n|move|p1a: Lucario|Meteor Mash|p2a: Regidrago|[miss]\n|-miss|p1a: Lucario|p2a: Regidrago\n|-activate|p2a: Regidrago|confusion\n|-damage|p2a: Regidrago|0 fnt|[from] confusion\n|faint|p2a: Regidrago\n|\n|upkeep\n|\n|t:|1685562581\n|switch|p2a: Darmanitan|Darmanitan-Galar, L78, F|291/291\n|turn|16\n|inactive|Satanitar has 120 seconds left.\n|\n|t:|1685562604\n|move|p2a: Darmanitan|U-turn|p1a: Lucario\n|-resisted|p1a: Lucario\n|-crit|p1a: Lucario\n|-damage|p1a: Lucario|184/249\n|inactive|judyp has 120 seconds left.\n|\n|t:|1685562609\n|switch|p2a: Noivern|Noivern, L82, M|274/274|[from] U-turn\n|move|p1a: Lucario|Meteor Mash|p2a: Noivern\n|-damage|p2a: Noivern|138/274\n|-damage|p1a: Lucario|160/249|[from] item: Life Orb\n|\n|upkeep\n|turn|17\n|inactive|Satanitar has 120 seconds left.\n|\n|t:|1685562617\n|move|p1a: Lucario|Extreme Speed|p2a: Noivern\n|-damage|p2a: Noivern|51/274\n|-damage|p1a: Lucario|136/249|[from] item: Life Orb\n|move|p2a: Noivern|Flamethrower|p1a: Lucario\n|-supereffective|p1a: Lucario\n|-damage|p1a: Lucario|0 fnt\n|faint|p1a: Lucario\n|\n|upkeep\n|\n|t:|1685562621\n|switch|p1a: Terrakion|Terrakion, L78|270/270\n|turn|18\n|\n|t:|1685562638\n|switch|p1a: Exeggutor|Exeggutor, L86, F|217/304\n|move|p2a: Noivern|Draco Meteor|p1a: Exeggutor\n|-damage|p1a: Exeggutor|75/304\n|-unboost|p2a: Noivern|spa|2\n|\n|-item|p1a: Exeggutor|Sitrus Berry|[from] ability: Harvest\n|upkeep\n|-enditem|p1a: Exeggutor|Sitrus Berry|[eat]\n|-heal|p1a: Exeggutor|151/304|[from] item: Sitrus Berry\n|turn|19\n|\n|t:|1685562647\n|move|p2a: Noivern|Roost|p2a: Noivern\n|-heal|p2a: Noivern|188/274\n|-singleturn|p2a: Noivern|move: Roost\n|move|p1a: Exeggutor|Sleep Powder|p2a: Noivern|[miss]\n|-miss|p1a: Exeggutor|p2a: Noivern\n|\n|upkeep\n|turn|20\n|\n|t:|1685562655\n|switch|p2a: Vaporeon|Vaporeon, L84, M|312/356\n|move|p1a: Exeggutor|Sleep Powder|p2a: Vaporeon\n|-status|p2a: Vaporeon|slp|[from] move: Sleep Powder\n|\n|-heal|p2a: Vaporeon|334/356 slp|[from] item: Leftovers\n|-item|p1a: Exeggutor|Sitrus Berry|[from] ability: Harvest\n|upkeep\n|-enditem|p1a: Exeggutor|Sitrus Berry|[eat]\n|-heal|p1a: Exeggutor|227/304|[from] item: Sitrus Berry\n|turn|21\n|\n|t:|1685562671\n|switch|p2a: Noivern|Noivern, L82, M|188/274\n|move|p1a: Exeggutor|Leech Seed|p2a: Noivern\n|-start|p2a: Noivern|move: Leech Seed\n|\n|-damage|p2a: Noivern|154/274|[from] Leech Seed|[of] p1a: Exeggutor\n|-heal|p1a: Exeggutor|261/304|[silent]\n|-item|p1a: Exeggutor|Sitrus Berry|[from] ability: Harvest\n|upkeep\n|turn|22\n|\n|t:|1685562677\n|move|p2a: Noivern|Flamethrower|p1a: Exeggutor\n|-supereffective|p1a: Exeggutor\n|-damage|p1a: Exeggutor|139/304\n|-enditem|p1a: Exeggutor|Sitrus Berry|[eat]\n|-heal|p1a: Exeggutor|215/304|[from] item: Sitrus Berry\n|move|p1a: Exeggutor|Giga Drain|p2a: Noivern\n|-resisted|p2a: Noivern\n|-damage|p2a: Noivern|124/274\n|-heal|p1a: Exeggutor|230/304|[from] drain|[of] p2a: Noivern\n|\n|-damage|p2a: Noivern|90/274|[from] Leech Seed|[of] p1a: Exeggutor\n|-heal|p1a: Exeggutor|264/304|[silent]\n|-item|p1a: Exeggutor|Sitrus Berry|[from] ability: Harvest\n|upkeep\n|turn|23\n|\n|t:|1685562690\n|switch|p2a: Darmanitan|Darmanitan-Galar, L78, F|291/291\n|move|p1a: Exeggutor|Giga Drain|p2a: Darmanitan\n|-damage|p2a: Darmanitan|143/291\n|-heal|p1a: Exeggutor|304/304|[from] drain|[of] p2a: Darmanitan\n|\n|upkeep\n|turn|24\n|\n|t:|1685562701\n|move|p2a: Darmanitan|U-turn|p1a: Exeggutor\n|-supereffective|p1a: Exeggutor\n|-damage|p1a: Exeggutor|0 fnt\n|faint|p1a: Exeggutor\n|\n|t:|1685562703\n|switch|p2a: Vaporeon|Vaporeon, L84, M|334/356 slp|[from] U-turn\n|\n|-heal|p2a: Vaporeon|356/356 slp|[from] item: Leftovers\n|upkeep\n|\n|t:|1685562707\n|switch|p1a: Thundurus|Thundurus, L80, M|163/258\n|turn|25\n|\n|t:|1685562709\n|move|p1a: Thundurus|Nasty Plot|p1a: Thundurus\n|-boost|p1a: Thundurus|spa|2\n|cant|p2a: Vaporeon|slp\n|\n|upkeep\n|turn|26\n|\n|t:|1685562715\n|move|p1a: Thundurus|Thunderbolt|p2a: Vaporeon\n|-supereffective|p2a: Vaporeon\n|-damage|p2a: Vaporeon|0 fnt\n|faint|p2a: Vaporeon\n|\n|upkeep\n|\n|t:|1685562725\n|switch|p2a: Darmanitan|Darmanitan-Galar, L78, F|143/291\n|turn|27\n|\n|t:|1685562733\n|-start|p2a: Darmanitan|Dynamax|\n|-heal|p2a: Darmanitan|286/582|[silent]\n|move|p1a: Thundurus|Sludge Wave|p2a: Darmanitan\n|-damage|p2a: Darmanitan|72/582\n|move|p2a: Darmanitan|Max Hailstorm|p1a: Thundurus\n|-supereffective|p1a: Thundurus\n|-damage|p1a: Thundurus|0 fnt\n|-weather|Hail\n|faint|p1a: Thundurus\n|\n|-weather|Hail|[upkeep]\n|upkeep\n|\n|t:|1685562735\n|switch|p1a: Terrakion|Terrakion, L78|270/270\n|turn|28\n|\n|t:|1685562748\n|-end|p2a: Darmanitan|Dynamax\n|-heal|p2a: Darmanitan|36/291|[silent]\n|switch|p2a: Noivern|Noivern, L82, M|90/274\n|move|p1a: Terrakion|Earthquake|p2a: Noivern\n|-immune|p2a: Noivern\n|\n|-weather|Hail|[upkeep]\n|-damage|p2a: Noivern|73/274|[from] Hail\n|-damage|p1a: Terrakion|254/270|[from] Hail\n|upkeep\n|turn|29\n|\n|t:|1685562753\n|move|p2a: Noivern|Draco Meteor|p1a: Terrakion\n|-damage|p1a: Terrakion|109/270\n|-unboost|p2a: Noivern|spa|2\n|move|p1a: Terrakion|Stone Edge|p2a: Noivern\n|-supereffective|p2a: Noivern\n|-damage|p2a: Noivern|0 fnt\n|faint|p2a: Noivern\n|-damage|p1a: Terrakion|82/270|[from] item: Life Orb\n|\n|-weather|Hail|[upkeep]\n|-damage|p1a: Terrakion|66/270|[from] Hail\n|upkeep\n|\n|t:|1685562756\n|switch|p2a: Darmanitan|Darmanitan-Galar, L78, F|36/291\n|turn|30\n|\n|t:|1685562762\n|move|p2a: Darmanitan|Superpower|p1a: Terrakion\n|-supereffective|p1a: Terrakion\n|-damage|p1a: Terrakion|0 fnt\n|-unboost|p2a: Darmanitan|atk|1\n|-unboost|p2a: Darmanitan|def|1\n|faint|p1a: Terrakion\n|\n|win|judyp\n|raw|Satanitar's rating: 1236 &rarr; <strong>1213</strong><br />(-23 for losing)\n|raw|judyp's rating: 1266 &rarr; <strong>1289</strong><br />(+23 for winning)\n|l|\u2606Satanitar\n|c|\u2606judyp|gg\n", "inputlog": ">version df10212e8bfdc37bcabc8b288b8d2f3885a507ef\n>start {\"formatid\":\"gen8randombattle\",\"seed\":[8171,21842,10156,33799],\"rated\":\"Rated battle\"}\n>player p1 {\"name\":\"Satanitar\",\"avatar\":\"170\",\"rating\":1223,\"seed\":[18446,58839,14579,9599]}\n>player p2 {\"name\":\"judyp\",\"avatar\":\"steven\",\"rating\":1266,\"seed\":[3386,18765,48226,45131]}\n>p1 move triattack\n>p2 move uturn\n>p2 switch 5\n>p1 move triattack\n>p2 move roost\n>p2 switch 5\n>p1 move triattack\n>p2 move uturn\n>p2 switch 2\n>p1 switch 6\n>p1 move sleeppowder\n>p2 move dracometeor\n>p1 move leechseed\n>p2 switch 3\n>p1 switch 3\n>p2 switch 4\n>p1 move meteormash\n>p2 move psychic\n>p2 switch 2\n>p1 switch 4\n>p2 move superpower\n>p1 move thunderbolt\n>p2 switch 3\n>p1 switch 5\n>p2 move outrage\n>p1 move quiverdance\n>p2 move firefang\n>p1 move quiverdance\n>p2 move outrage\n>p1 move quiverdance\n>p2 move outrage\n>p1 move pollenpuff dynamax\n>p2 move outrage\n>p1 switch 4\n>p1 move meteormash\n>p2 move hammerarm\n>p2 switch 3\n>p1 move meteormash\n>p2 move uturn\n>p2 switch 6\n>p1 move extremespeed\n>p2 move flamethrower\n>p1 switch 2\n>p1 switch 3\n>p2 move dracometeor\n>p1 move sleeppowder\n>p2 move roost\n>p1 move sleeppowder\n>p2 switch 4\n>p1 move leechseed\n>p2 switch 4\n>p1 move gigadrain\n>p2 move flamethrower\n>p1 move gigadrain\n>p2 switch 6\n>p1 move gigadrain\n>p2 move uturn\n>p2 switch 4\n>p1 switch 5\n>p1 move nastyplot\n>p2 move wish\n>p1 move thunderbolt\n>p2 move wish\n>p2 switch 4\n>p1 move sludgewave\n>p2 move iciclecrash dynamax\n>p1 switch 3\n>p1 move earthquake\n>p2 switch 6\n>p1 move stoneedge\n>p2 move dracometeor\n>p2 switch 6\n>p1 move earthquake\n>p2 move superpower", "uploadtime": 1685562773, "views": 6, "p1id": "satanitar", "p2id": "judyp", "formatid": "gen8randombattle", "rating": 1213, "private": 0, "password": ""}