|j|☆Murkrow067
|j|‽norespectwtsvr
|t:|1685524412
|gametype|singles
|player|p1|Murkrow067|lady-gen4|1585
|player|p2|norespectwtsvr|101|1606
|teamsize|p1|6
|teamsize|p2|6
|gen|8
|tier|[Gen 8] Random Battle
|rated|
|rule|Species Clause: Limit one of each Pokémon
|rule|HP Percentage Mod: HP is shown in percentages
|rule|Sleep Clause Mod: Limit one foe put to sleep
|
|t:|1685524412
|start
|switch|p1a: Orbeetle|Orbeetle, L86, M|243/243
|switch|p2a: Sawk|Sawk, L86, M|269/269
|-item|p2a: Sawk|Choice Scarf|[from] ability: Frisk|[of] p1a: Orbeetle|[identify]
|turn|1
|inactive|Battle timer is ON: inactive players will automatically lose when time's up. (requested by norespectwtsvr)
|
|t:|1685524428
|move|p2a: Sawk|Knock Off|p1a: Orbeetle
|-supereffective|p1a: Orbeetle
|-damage|p1a: Orbeetle|103/243
|-enditem|p1a: Orbeetle|Heavy-Duty Boots|[from] move: Knock Off|[of] p2a: Sawk
|move|p1a: Orbeetle|Psychic|p2a: Sawk
|-supereffective|p2a: Sawk
|-damage|p2a: Sawk|75/269
|
|upkeep
|turn|2
|
|t:|1685524437
|move|p2a: Sawk|Knock Off|p1a: Orbeetle
|-supereffective|p1a: Orbeetle
|-damage|p1a: Orbeetle|7/243
|move|p1a: Orbeetle|Recover|p1a: Orbeetle
|-heal|p1a: Orbeetle|129/243
|
|upkeep
|turn|3
|
|t:|1685524444
|switch|p2a: Vaporeon|Vaporeon, L84, F|356/356
|move|p1a: Orbeetle|Recover|p1a: Orbeetle
|-heal|p1a: Orbeetle|243/243
|
|upkeep
|turn|4
|
|t:|1685524449
|move|p1a: Orbeetle|Sticky Web|p2a: Vaporeon
|-sidestart|p2: norespectwtsvr|move: Sticky Web
|move|p2a: Vaporeon|Toxic|p1a: Orbeetle
|-status|p1a: Orbeetle|tox
|
|-damage|p1a: Orbeetle|228/243 tox|[from] psn
|upkeep
|turn|5
|
|t:|1685524463
|switch|p2a: Zapdos|Zapdos, L78|268/268
|move|p1a: Orbeetle|U-turn|p2a: Zapdos
|-resisted|p2a: Zapdos
|-damage|p2a: Zapdos|243/268
|
|t:|1685524472
|switch|p1a: Glaceon|Glaceon, L88, F|258/258|[from] U-turn
|
|upkeep
|turn|6
|
|t:|1685524478
|move|p2a: Zapdos|Defog|p1a: Glaceon
|-unboost|p1a: Glaceon|evasion|1
|-sideend|p2: norespectwtsvr|Sticky Web|[from] move: Defog|[of] p2a: Zapdos
|move|p1a: Glaceon|Toxic|p2a: Zapdos
|-status|p2a: Zapdos|tox
|
|-damage|p2a: Zapdos|227/268 tox|[from] psn
|upkeep
|turn|7
|
|t:|1685524482
|switch|p2a: Stunfisk|Stunfisk-Galar, L84, F|320/320
|move|p1a: Glaceon|Freeze-Dry|p2a: Stunfisk
|-damage|p2a: Stunfisk|214/320
|
|-heal|p2a: Stunfisk|234/320|[from] item: Leftovers
|upkeep
|turn|8
|
|t:|1685524503
|switch|p1a: Suicune|Suicune, L80|291/291
|-ability|p1a: Suicune|Pressure
|move|p2a: Stunfisk|Thunder Wave|p1a: Suicune
|-status|p1a: Suicune|par
|
|-heal|p2a: Stunfisk|254/320|[from] item: Leftovers
|upkeep
|turn|9
|
|t:|1685524516
|switch|p2a: Dracozolt|Dracozolt, L78|268/268
|move|p1a: Suicune|Scald|p2a: Dracozolt
|-resisted|p2a: Dracozolt
|-damage|p2a: Dracozolt|223/268
|-status|p2a: Dracozolt|brn
|
|-damage|p2a: Dracozolt|207/268 brn|[from] brn
|upkeep
|turn|10
|
|t:|1685524528
|switch|p1a: Vileplume|Vileplume, L84, F|263/263
|move|p2a: Dracozolt|Bolt Beak|p1a: Vileplume
|-resisted|p1a: Vileplume
|-damage|p1a: Vileplume|205/263
|
|-heal|p1a: Vileplume|221/263|[from] item: Black Sludge
|-damage|p2a: Dracozolt|191/268 brn|[from] brn
|upkeep
|turn|11
|
|t:|1685524535
|switch|p2a: Zapdos|Zapdos, L78|227/268 tox
|move|p1a: Vileplume|Aromatherapy|p1a: Vileplume
|-activate|p1a: Vileplume|move: Aromatherapy
|-curestatus|p1: Suicune|par|[msg]
|-curestatus|p1: Orbeetle|tox|[msg]
|
|-heal|p1a: Vileplume|237/263|[from] item: Black Sludge
|-damage|p2a: Zapdos|211/268 tox|[from] psn
|upkeep
|turn|12
|
|t:|1685524550
|switch|p1a: Glaceon|Glaceon, L88, F|258/258
|move|p2a: Zapdos|Hurricane|p1a: Glaceon
|-damage|p1a: Glaceon|155/258
|
|-heal|p1a: Glaceon|171/258|[from] item: Leftovers
|-damage|p2a: Zapdos|179/268 tox|[from] psn
|upkeep
|turn|13
|
|t:|1685524564
|switch|p2a: Stunfisk|Stunfisk-Galar, L84, F|254/320
|move|p1a: Glaceon|Wish|p1a: Glaceon
|
|-heal|p1a: Glaceon|187/258|[from] item: Leftovers
|-heal|p2a: Stunfisk|274/320|[from] item: Leftovers
|upkeep
|turn|14
|
|t:|1685524591
|switch|p1a: Suicune|Suicune, L80|291/291
|-ability|p1a: Suicune|Pressure
|move|p2a: Stunfisk|Stone Edge|p1a: Suicune|[miss]
|-miss|p2a: Stunfisk|p1a: Suicune
|
|-heal|p2a: Stunfisk|294/320|[from] item: Leftovers
|upkeep
|turn|15
|
|t:|1685524599
|switch|p2a: Vaporeon|Vaporeon, L84, F|356/356
|move|p1a: Suicune|Scald|p2a: Vaporeon
|-immune|p2a: Vaporeon|[from] ability: Water Absorb
|
|upkeep
|turn|16
|
|t:|1685524608
|switch|p1a: Vileplume|Vileplume, L84, F|237/263
|move|p2a: Vaporeon|Toxic|p1a: Vileplume
|-immune|p1a: Vileplume
|
|-heal|p1a: Vileplume|253/263|[from] item: Black Sludge
|upkeep
|turn|17
|
|t:|1685524616
|switch|p2a: Zapdos|Zapdos, L78|179/268 tox
|move|p1a: Vileplume|Sludge Bomb|p2a: Zapdos
|-damage|p2a: Zapdos|67/268 tox
|
|-heal|p1a: Vileplume|263/263|[from] item: Black Sludge
|-damage|p2a: Zapdos|51/268 tox|[from] psn
|upkeep
|turn|18
|
|t:|1685524635
|move|p2a: Zapdos|Hurricane|p1a: Vileplume|[miss]
|-miss|p2a: Zapdos|p1a: Vileplume
|move|p1a: Vileplume|Strength Sap|p2a: Zapdos
|-unboost|p2a: Zapdos|atk|1
|
|-damage|p2a: Zapdos|19/268 tox|[from] psn
|upkeep
|turn|19
|
|t:|1685524651
|switch|p1a: Glaceon|Glaceon, L88, F|187/258
|move|p2a: Zapdos|Roost|p2a: Zapdos
|-heal|p2a: Zapdos|153/268 tox
|-singleturn|p2a: Zapdos|move: Roost
|
|-heal|p1a: Glaceon|203/258|[from] item: Leftovers
|-damage|p2a: Zapdos|105/268 tox|[from] psn
|upkeep
|turn|20
|
|t:|1685524657
|switch|p2a: Stunfisk|Stunfisk-Galar, L84, F|294/320
|move|p1a: Glaceon|Wish|p1a: Glaceon
|
|-heal|p1a: Glaceon|219/258|[from] item: Leftovers
|-heal|p2a: Stunfisk|314/320|[from] item: Leftovers
|upkeep
|turn|21
|inactive|Murkrow067 has 120 seconds left.
|
|t:|1685524684
|move|p1a: Glaceon|Freeze-Dry|p2a: Stunfisk
|-damage|p2a: Stunfisk|203/320
|move|p2a: Stunfisk|Stone Edge|p1a: Glaceon
|-supereffective|p1a: Glaceon
|-damage|p1a: Glaceon|127/258
|
|-heal|p1a: Glaceon|256/258|[from] move: Wish|[wisher] Glaceon
|-heal|p1a: Glaceon|258/258|[from] item: Leftovers
|-heal|p2a: Stunfisk|223/320|[from] item: Leftovers
|upkeep
|turn|22
|inactive|Murkrow067 has 120 seconds left.
|
|t:|1685524696
|move|p1a: Glaceon|Wish|p1a: Glaceon
|move|p2a: Stunfisk|Stone Edge|p1a: Glaceon
|-supereffective|p1a: Glaceon
|-damage|p1a: Glaceon|158/258
|
|-heal|p1a: Glaceon|174/258|[from] item: Leftovers
|-heal|p2a: Stunfisk|243/320|[from] item: Leftovers
|upkeep
|turn|23
|
|t:|1685524699
|move|p1a: Glaceon|Freeze-Dry|p2a: Stunfisk
|-damage|p2a: Stunfisk|131/320
|move|p2a: Stunfisk|Thunder Wave|p1a: Glaceon
|-status|p1a: Glaceon|par
|
|-heal|p1a: Glaceon|258/258 par|[from] move: Wish|[wisher] Glaceon
|-heal|p2a: Stunfisk|151/320|[from] item: Leftovers
|upkeep
|turn|24
|
|t:|1685524709
|move|p2a: Stunfisk|Pain Split|p1a: Glaceon
|-sethp|p1a: Glaceon|204/258 par|[from] move: Pain Split|[silent]
|-sethp|p2a: Stunfisk|204/320|[from] move: Pain Split
|move|p1a: Glaceon|Freeze-Dry|p2a: Stunfisk
|-damage|p2a: Stunfisk|99/320
|
|-heal|p2a: Stunfisk|119/320|[from] item: Leftovers
|-heal|p1a: Glaceon|220/258 par|[from] item: Leftovers
|upkeep
|turn|25
|
|t:|1685524712
|move|p2a: Stunfisk|Pain Split|p1a: Glaceon
|-sethp|p1a: Glaceon|169/258 par|[from] move: Pain Split|[silent]
|-sethp|p2a: Stunfisk|169/320|[from] move: Pain Split
|move|p1a: Glaceon|Freeze-Dry|p2a: Stunfisk
|-damage|p2a: Stunfisk|60/320
|
|-heal|p2a: Stunfisk|80/320|[from] item: Leftovers
|-heal|p1a: Glaceon|185/258 par|[from] item: Leftovers
|upkeep
|turn|26
|
|t:|1685524715
|move|p2a: Stunfisk|Pain Split|p1a: Glaceon
|-sethp|p1a: Glaceon|132/258 par|[from] move: Pain Split|[silent]
|-sethp|p2a: Stunfisk|132/320|[from] move: Pain Split
|move|p1a: Glaceon|Wish|p1a: Glaceon
|
|-heal|p2a: Stunfisk|152/320|[from] item: Leftovers
|-heal|p1a: Glaceon|148/258 par|[from] item: Leftovers
|upkeep
|turn|27
|
|t:|1685524727
|move|p1a: Glaceon|Protect|p1a: Glaceon
|-singleturn|p1a: Glaceon|Protect
|move|p2a: Stunfisk|Stone Edge|p1a: Glaceon
|-activate|p1a: Glaceon|move: Protect
|
|-heal|p1a: Glaceon|258/258 par|[from] move: Wish|[wisher] Glaceon
|-heal|p2a: Stunfisk|172/320|[from] item: Leftovers
|upkeep
|turn|28
|
|t:|1685524732
|move|p2a: Stunfisk|Pain Split|p1a: Glaceon
|-sethp|p1a: Glaceon|215/258 par|[from] move: Pain Split|[silent]
|-sethp|p2a: Stunfisk|215/320|[from] move: Pain Split
|cant|p1a: Glaceon|par
|
|-heal|p2a: Stunfisk|235/320|[from] item: Leftovers
|-heal|p1a: Glaceon|231/258 par|[from] item: Leftovers
|upkeep
|turn|29
|
|t:|1685524736
|move|p2a: Stunfisk|Stone Edge|p1a: Glaceon
|-supereffective|p1a: Glaceon
|-damage|p1a: Glaceon|129/258 par
|move|p1a: Glaceon|Freeze-Dry|p2a: Stunfisk
|-damage|p2a: Stunfisk|120/320
|
|-heal|p2a: Stunfisk|140/320|[from] item: Leftovers
|-heal|p1a: Glaceon|145/258 par|[from] item: Leftovers
|upkeep
|turn|30
|
|t:|1685524744
|move|p2a: Stunfisk|Earthquake|p1a: Glaceon
|-damage|p1a: Glaceon|64/258 par
|move|p1a: Glaceon|Wish|p1a: Glaceon
|
|-heal|p2a: Stunfisk|160/320|[from] item: Leftovers
|-heal|p1a: Glaceon|80/258 par|[from] item: Leftovers
|upkeep
|turn|31
|
|t:|1685524761
|switch|p2a: Sawk|Sawk, L86, M|75/269
|move|p1a: Glaceon|Protect||[still]
|-fail|p1a: Glaceon
|
|-heal|p1a: Glaceon|209/258 par|[from] move: Wish|[wisher] Glaceon
|-heal|p1a: Glaceon|225/258 par|[from] item: Leftovers
|upkeep
|turn|32
|inactive|Murkrow067 has 120 seconds left.
|
|t:|1685524799
|switch|p1a: Suicune|Suicune, L80|291/291
|-ability|p1a: Suicune|Pressure
|move|p2a: Sawk|Close Combat|p1a: Suicune
|-damage|p1a: Suicune|143/291
|-unboost|p2a: Sawk|def|1
|-unboost|p2a: Sawk|spd|1
|
|upkeep
|turn|33
|
|t:|1685524820
|move|p2a: Sawk|Close Combat|p1a: Suicune
|-damage|p1a: Suicune|5/291
|-unboost|p2a: Sawk|def|1
|-unboost|p2a: Sawk|spd|1
|move|p1a: Suicune|Rest|p1a: Suicune
|-status|p1a: Suicune|slp|[from] move: Rest
|-heal|p1a: Suicune|291/291 slp|[silent]
|-enditem|p1a: Suicune|Chesto Berry|[eat]
|-curestatus|p1a: Suicune|slp|[msg]
|
|upkeep
|turn|34
|
|t:|1685524828
|switch|p2a: Dracozolt|Dracozolt, L78|191/268 brn
|switch|p1a: Orbeetle|Orbeetle, L86, M|228/243
|-item|p2a: Dracozolt|Choice Scarf|[from] ability: Frisk|[of] p1a: Orbeetle|[identify]
|
|-damage|p2a: Dracozolt|175/268 brn|[from] brn
|upkeep
|turn|35
|
|t:|1685524845
|move|p2a: Dracozolt|Bolt Beak|p1a: Orbeetle
|-damage|p1a: Orbeetle|126/243
|move|p1a: Orbeetle|Sticky Web|p2a: Dracozolt
|-sidestart|p2: norespectwtsvr|move: Sticky Web
|
|-damage|p2a: Dracozolt|159/268 brn|[from] brn
|upkeep
|turn|36
|
|t:|1685524864
|move|p2a: Dracozolt|Bolt Beak|p1a: Orbeetle|[miss]
|-miss|p2a: Dracozolt|p1a: Orbeetle
|move|p1a: Orbeetle|Psychic|p2a: Dracozolt
|-damage|p2a: Dracozolt|53/268 brn
|
|-damage|p2a: Dracozolt|37/268 brn|[from] brn
|upkeep
|turn|37
|
|t:|1685524867
|move|p2a: Dracozolt|Bolt Beak|p1a: Orbeetle
|-damage|p1a: Orbeetle|33/243
|move|p1a: Orbeetle|Recover|p1a: Orbeetle
|-heal|p1a: Orbeetle|155/243
|
|-damage|p2a: Dracozolt|21/268 brn|[from] brn
|upkeep
|turn|38
|
|t:|1685524878
|switch|p2a: Vaporeon|Vaporeon, L84, F|356/356
|-activate|p2a: Vaporeon|move: Sticky Web
|-unboost|p2a: Vaporeon|spe|1
|move|p1a: Orbeetle|Recover|p1a: Orbeetle
|-heal|p1a: Orbeetle|243/243
|
|upkeep
|turn|39
|
|t:|1685524887
|move|p1a: Orbeetle|U-turn|p2a: Vaporeon
|-damage|p2a: Vaporeon|296/356
|
|t:|1685524889
|switch|p1a: Glaceon|Glaceon, L88, F|225/258 par|[from] U-turn
|move|p2a: Vaporeon|Wish|p2a: Vaporeon
|
|-heal|p2a: Vaporeon|318/356|[from] item: Leftovers
|-heal|p1a: Glaceon|241/258 par|[from] item: Leftovers
|upkeep
|turn|40
|
|t:|1685524901
|switch|p2a: Zapdos|Zapdos, L78|105/268 tox
|cant|p1a: Glaceon|par
|
|-heal|p2a: Zapdos|268/268 tox|[from] move: Wish|[wisher] Vaporeon
|-heal|p1a: Glaceon|257/258 par|[from] item: Leftovers
|-damage|p2a: Zapdos|252/268 tox|[from] psn
|upkeep
|turn|41
|
|t:|1685524908
|move|p2a: Zapdos|Defog|p1a: Glaceon
|-unboost|p1a: Glaceon|evasion|1
|-sideend|p2: norespectwtsvr|Sticky Web|[from] move: Defog|[of] p2a: Zapdos
|cant|p1a: Glaceon|par
|
|-heal|p1a: Glaceon|258/258 par|[from] item: Leftovers
|-damage|p2a: Zapdos|220/268 tox|[from] psn
|upkeep
|turn|42
|
|t:|1685524913
|switch|p2a: Vileplume|Vileplume, L84, F|263/263
|move|p1a: Glaceon|Freeze-Dry|p2a: Vileplume
|-supereffective|p2a: Vileplume
|-damage|p2a: Vileplume|51/263
|
|-heal|p2a: Vileplume|67/263|[from] item: Black Sludge
|upkeep
|turn|43
|
|t:|1685524927
|move|p2a: Vileplume|Aromatherapy|p2a: Vileplume
|-activate|p2a: Vileplume|move: Aromatherapy
|-curestatus|p2: Dracozolt|brn|[msg]
|-curestatus|p2: Zapdos|tox|[msg]
|cant|p1a: Glaceon|par
|
|-heal|p2a: Vileplume|83/263|[from] item: Black Sludge
|upkeep
|turn|44
|
|t:|1685524935
|switch|p2a: Stunfisk|Stunfisk-Galar, L84, F|160/320
|move|p1a: Glaceon|Freeze-Dry|p2a: Stunfisk
|-damage|p2a: Stunfisk|49/320
|
|-heal|p2a: Stunfisk|69/320|[from] item: Leftovers
|upkeep
|turn|45
|
|t:|1685524957
|move|p2a: Stunfisk|Pain Split|p1a: Glaceon
|-sethp|p1a: Glaceon|163/258 par|[from] move: Pain Split|[silent]
|-sethp|p2a: Stunfisk|163/320|[from] move: Pain Split
|move|p1a: Glaceon|Wish|p1a: Glaceon
|
|-heal|p2a: Stunfisk|183/320|[from] item: Leftovers
|-heal|p1a: Glaceon|179/258 par|[from] item: Leftovers
|upkeep
|turn|46
|
|t:|1685524964
|move|p2a: Stunfisk|Stone Edge|p1a: Glaceon
|-supereffective|p1a: Glaceon
|-damage|p1a: Glaceon|77/258 par
|move|p1a: Glaceon|Freeze-Dry|p2a: Stunfisk
|-damage|p2a: Stunfisk|75/320
|
|-heal|p1a: Glaceon|206/258 par|[from] move: Wish|[wisher] Glaceon
|-heal|p2a: Stunfisk|95/320|[from] item: Leftovers
|-heal|p1a: Glaceon|222/258 par|[from] item: Leftovers
|upkeep
|turn|47
|
|t:|1685524972
|move|p2a: Stunfisk|Pain Split|p1a: Glaceon
|-sethp|p1a: Glaceon|158/258 par|[from] move: Pain Split|[silent]
|-sethp|p2a: Stunfisk|158/320|[from] move: Pain Split
|move|p1a: Glaceon|Freeze-Dry|p2a: Stunfisk
|-damage|p2a: Stunfisk|53/320
|
|-heal|p2a: Stunfisk|73/320|[from] item: Leftovers
|-heal|p1a: Glaceon|174/258 par|[from] item: Leftovers
|upkeep
|turn|48
|
|t:|1685524978
|move|p2a: Stunfisk|Pain Split|p1a: Glaceon
|-sethp|p1a: Glaceon|123/258 par|[from] move: Pain Split|[silent]
|-sethp|p2a: Stunfisk|123/320|[from] move: Pain Split
|move|p1a: Glaceon|Freeze-Dry|p2a: Stunfisk
|-damage|p2a: Stunfisk|12/320
|
|-heal|p2a: Stunfisk|32/320|[from] item: Leftovers
|-heal|p1a: Glaceon|139/258 par|[from] item: Leftovers
|upkeep
|turn|49
|
|t:|1685524984
|move|p2a: Stunfisk|Pain Split|p1a: Glaceon
|-sethp|p1a: Glaceon|85/258 par|[from] move: Pain Split|[silent]
|-sethp|p2a: Stunfisk|85/320|[from] move: Pain Split
|move|p1a: Glaceon|Freeze-Dry|p2a: Stunfisk
|-damage|p2a: Stunfisk|0 fnt
|faint|p2a: Stunfisk
|
|-heal|p1a: Glaceon|101/258 par|[from] item: Leftovers
|upkeep
|
|t:|1685524992
|switch|p2a: Dracozolt|Dracozolt, L78|21/268
|turn|50
|
|t:|1685524999
|move|p1a: Glaceon|Protect|p1a: Glaceon
|-singleturn|p1a: Glaceon|Protect
|move|p2a: Dracozolt|Bolt Beak|p1a: Glaceon
|-activate|p1a: Glaceon|move: Protect
|
|-heal|p1a: Glaceon|117/258 par|[from] item: Leftovers
|upkeep
|turn|51
|
|t:|1685525008
|move|p2a: Dracozolt|Bolt Beak|p1a: Glaceon
|-damage|p1a: Glaceon|0 fnt
|faint|p1a: Glaceon
|
|upkeep
|
|t:|1685525013
|switch|p1a: Hitmonchan|Hitmonchan, L86, M|226/226
|turn|52
|
|t:|1685525017
|switch|p2a: Zapdos|Zapdos, L78|220/268
|move|p1a: Hitmonchan|Mach Punch|p2a: Zapdos
|-resisted|p2a: Zapdos
|-damage|p2a: Zapdos|188/268
|
|upkeep
|turn|53
|inactive|Murkrow067 has 120 seconds left.
|
|t:|1685525065
|-start|p1a: Hitmonchan|Dynamax|
|-heal|p1a: Hitmonchan|452/452|[silent]
|move|p2a: Zapdos|Hurricane|p1a: Hitmonchan|[miss]
|-miss|p2a: Zapdos|p1a: Hitmonchan
|move|p1a: Hitmonchan|Max Strike|p2a: Zapdos
|-damage|p2a: Zapdos|104/268
|-unboost|p2a: Zapdos|spe|1
|
|upkeep
|turn|54
|
|t:|1685525076
|switch|p2a: Vileplume|Vileplume, L84, F|83/263
|move|p1a: Hitmonchan|Max Darkness|p2a: Vileplume
|-damage|p2a: Vileplume|0 fnt
|faint|p2a: Vileplume
|
|upkeep
|
|t:|1685525096
|switch|p2a: Zapdos|Zapdos, L78|104/268
|turn|55
|
|t:|1685525113
|-start|p2a: Zapdos|Dynamax|
|-heal|p2a: Zapdos|208/536|[silent]
|move|p2a: Zapdos|Max Guard|p2a: Zapdos
|-singleturn|p2a: Zapdos|Max Guard
|move|p1a: Hitmonchan|Max Darkness|p2a: Zapdos
|-activate|p2a: Zapdos|move: Max Guard
|
|upkeep
|-end|p1a: Hitmonchan|Dynamax
|-heal|p1a: Hitmonchan|226/226|[silent]
|turn|56
|inactive|Murkrow067 has 90 seconds left.
|
|t:|1685525147
|switch|p1a: Suicune|Suicune, L80|291/291
|-ability|p1a: Suicune|Pressure
|move|p2a: Zapdos|Max Airstream|p1a: Suicune
|-damage|p1a: Suicune|152/291
|-boost|p2a: Zapdos|spe|1
|
|upkeep
|turn|57
|inactive|Murkrow067 has 90 seconds left.
|
|t:|1685525178
|move|p2a: Zapdos|Max Airstream|p1a: Suicune
|-crit|p1a: Suicune
|-damage|p1a: Suicune|0 fnt
|-boost|p2a: Zapdos|spe|1
|faint|p1a: Suicune
|
|upkeep
|inactive|Murkrow067 has 60 seconds left.
|
|t:|1685525204
|switch|p1a: Vileplume|Vileplume, L84, F|263/263
|-end|p2a: Zapdos|Dynamax
|-heal|p2a: Zapdos|104/268|[silent]
|turn|58
|
|t:|1685525211
|move|p2a: Zapdos|Hurricane|p1a: Vileplume
|-supereffective|p1a: Vileplume
|-damage|p1a: Vileplume|17/263
|move|p1a: Vileplume|Sludge Bomb|p2a: Zapdos
|-damage|p2a: Zapdos|0 fnt
|faint|p2a: Zapdos
|
|-heal|p1a: Vileplume|33/263|[from] item: Black Sludge
|upkeep
|
|t:|1685525224
|switch|p2a: Vaporeon|Vaporeon, L84, F|318/356
|turn|59
|inactive|Murkrow067 has 60 seconds left.
|
|t:|1685525239
|move|p2a: Vaporeon|Ice Beam|p1a: Vileplume
|-supereffective|p1a: Vileplume
|-damage|p1a: Vileplume|0 fnt
|faint|p1a: Vileplume
|
|-heal|p2a: Vaporeon|340/356|[from] item: Leftovers
|upkeep
|
|t:|1685525250
|switch|p1a: Orbeetle|Orbeetle, L86, M|243/243
|-item|p2a: Vaporeon|Leftovers|[from] ability: Frisk|[of] p1a: Orbeetle|[identify]
|turn|60
|
|t:|1685525263
|switch|p2a: Dracozolt|Dracozolt, L78|21/268
|move|p1a: Orbeetle|Sticky Web|p2a: Dracozolt
|-sidestart|p2: norespectwtsvr|move: Sticky Web
|
|upkeep
|turn|61
|
|t:|1685525291
|move|p2a: Dracozolt|Bolt Beak|p1a: Orbeetle|[miss]
|-miss|p2a: Dracozolt|p1a: Orbeetle
|move|p1a: Orbeetle|Psychic|p2a: Dracozolt
|-damage|p2a: Dracozolt|0 fnt
|faint|p2a: Dracozolt
|
|upkeep
|
|t:|1685525295
|switch|p2a: Vaporeon|Vaporeon, L84, F|340/356
|-activate|p2a: Vaporeon|move: Sticky Web
|-unboost|p2a: Vaporeon|spe|1
|turn|62
|
|t:|1685525299
|move|p1a: Orbeetle|Psychic|p2a: Vaporeon
|-damage|p2a: Vaporeon|264/356
|move|p2a: Vaporeon|Toxic|p1a: Orbeetle
|-status|p1a: Orbeetle|tox
|
|-heal|p2a: Vaporeon|286/356|[from] item: Leftovers
|-damage|p1a: Orbeetle|228/243 tox|[from] psn
|upkeep
|turn|63
|
|t:|1685525316
|move|p1a: Orbeetle|Psychic|p2a: Vaporeon
|-damage|p2a: Vaporeon|210/356
|move|p2a: Vaporeon|Wish|p2a: Vaporeon
|
|-heal|p2a: Vaporeon|232/356|[from] item: Leftovers
|-damage|p1a: Orbeetle|198/243 tox|[from] psn
|upkeep
|turn|64
|
|t:|1685525325
|switch|p1a: Unfezant|Unfezant, L84, M|271/271
|move|p2a: Vaporeon|Scald|p1a: Unfezant
|-damage|p1a: Unfezant|141/271
|
|-heal|p2a: Vaporeon|356/356|[from] move: Wish|[wisher] Vaporeon
|upkeep
|turn|65
|
|t:|1685525338
|move|p1a: Unfezant|Brave Bird|p2a: Vaporeon
|-crit|p2a: Vaporeon
|-damage|p2a: Vaporeon|71/356
|-damage|p1a: Unfezant|47/271|[from] Recoil
|move|p2a: Vaporeon|Ice Beam|p1a: Unfezant
|-supereffective|p1a: Unfezant
|-damage|p1a: Unfezant|0 fnt
|faint|p1a: Unfezant
|
|-heal|p2a: Vaporeon|93/356|[from] item: Leftovers
|upkeep
|
|t:|1685525350
|switch|p1a: Hitmonchan|Hitmonchan, L86, M|226/226
|turn|66
|
|t:|1685525356
|move|p1a: Hitmonchan|Drain Punch|p2a: Vaporeon
|-crit|p2a: Vaporeon
|-damage|p2a: Vaporeon|0 fnt
|faint|p2a: Vaporeon
|
|upkeep
|l|‽norespectwtsvr
|inactive|norespectwtsvr disconnected and has a minute to reconnect!
|player|p2|
|inactive|norespectwtsvr has 30 seconds to reconnect!
|inactive|norespectwtsvr has 20 seconds to reconnect!
|inactive|norespectwtsvr has 15 seconds to reconnect!
|inactive|norespectwtsvr has 10 seconds to reconnect!
|inactive|norespectwtsvr has 5 seconds to reconnect!
|-message|norespectwtsvr lost due to inactivity.
|
|win|Murkrow067
|raw|Murkrow067's rating: 1585 &rarr; <strong>1606</strong><br />(+21 for winning)
|raw|norespectwtsvr's rating: 1606 &rarr; <strong>1585</strong><br />(-21 for losing)
