|j|☆98uytr5lkn
|j|☆Jamiekiller
|t:|1685455054
|gametype|singles
|player|p1|98uytr5lkn|266|1049
|player|p2|Jamiekiller|169|1000
|teamsize|p1|6
|teamsize|p2|6
|gen|8
|tier|[Gen 8] Random Battle
|rated|
|rule|Species Clause: Limit one of each Pokémon
|rule|HP Percentage Mod: HP is shown in percentages
|rule|Sleep Clause Mod: Limit one foe put to sleep
|
|t:|1685455054
|start
|switch|p1a: Claydol|Claydol, L86|243/243
|switch|p2a: Lycanroc|Lycanroc, L80, M|251/251
|turn|1
|
|t:|1685455106
|switch|p2a: Calyrex|Calyrex-Ice, L72|263/263
|-ability|p2a: Calyrex|As One
|-ability|p2a: Calyrex|Unnerve
|move|p1a: Claydol|Stealth Rock|p2a: Calyrex
|-sidestart|p2: Jamiekiller|move: Stealth Rock
|
|upkeep
|turn|2
|inactive|Battle timer is ON: inactive players will automatically lose when time's up. (requested by Jamiekiller)
|inactive|98uytr5lkn has 120 seconds left.
|
|t:|1685455171
|move|p1a: Claydol|Earthquake|p2a: Calyrex
|-damage|p2a: Calyrex|196/263
|move|p2a: Calyrex|Glacial Lance|p1a: Claydol
|-supereffective|p1a: Claydol
|-damage|p1a: Claydol|0 fnt
|faint|p1a: Claydol
|-ability|p2a: Calyrex|Chilling Neigh|boost
|-boost|p2a: Calyrex|atk|1
|
|upkeep
|
|t:|1685455183
|switch|p1a: Zapdos|Zapdos-Galar, L76|262/262
|turn|3
|
|t:|1685455200
|-start|p1a: Zapdos|Dynamax|
|-heal|p1a: Zapdos|524/524|[silent]
|move|p1a: Zapdos|Max Darkness|p2a: Calyrex
|-supereffective|p2a: Calyrex
|-damage|p2a: Calyrex|6/263
|-unboost|p2a: Calyrex|spd|1
|-enditem|p2a: Calyrex|Weakness Policy
|-boost|p2a: Calyrex|atk|2|[from] item: Weakness Policy
|-boost|p2a: Calyrex|spa|2|[from] item: Weakness Policy
|-damage|p1a: Zapdos|498/524|[from] item: Life Orb
|move|p2a: Calyrex|Glacial Lance|p1a: Zapdos
|-supereffective|p1a: Zapdos
|-damage|p1a: Zapdos|0 fnt
|faint|p1a: Zapdos
|-ability|p2a: Calyrex|Chilling Neigh|boost
|-boost|p2a: Calyrex|atk|1
|
|upkeep
|
|t:|1685455226
|switch|p1a: Kabutops|Kabutops, L82, F|233/233
|turn|4
|
|t:|1685455244
|move|p1a: Kabutops|Liquidation|p2a: Calyrex
|-damage|p2a: Calyrex|0 fnt
|faint|p2a: Calyrex
|
|upkeep
|
|t:|1685455256
|switch|p2a: Excadrill|Excadrill, L78, M|300/300
|-damage|p2a: Excadrill|291/300|[from] Stealth Rock
|turn|5
|
|t:|1685455263
|move|p2a: Excadrill|Earthquake|p1a: Kabutops
|-supereffective|p1a: Kabutops
|-damage|p1a: Kabutops|0 fnt
|faint|p1a: Kabutops
|-damage|p2a: Excadrill|261/300|[from] item: Life Orb
|
|upkeep
|
|t:|1685455272
|switch|p1a: Togekiss|Togekiss, L80, F|267/267
|turn|6
|
|t:|1685455283
|move|p2a: Excadrill|Rock Slide|p1a: Togekiss
|-supereffective|p1a: Togekiss
|-damage|p1a: Togekiss|101/267
|-damage|p2a: Excadrill|231/300|[from] item: Life Orb
|cant|p1a: Togekiss|flinch
|
|upkeep
|turn|7
|
|t:|1685455290
|move|p2a: Excadrill|Rock Slide|p1a: Togekiss
|-supereffective|p1a: Togekiss
|-damage|p1a: Togekiss|0 fnt
|faint|p1a: Togekiss
|-damage|p2a: Excadrill|201/300|[from] item: Life Orb
|
|upkeep
|
|t:|1685455296
|switch|p1a: Accelgor|Accelgor, L86, M|278/278
|turn|8
|
|t:|1685455310
|move|p1a: Accelgor|Focus Blast|p2a: Excadrill
|-supereffective|p2a: Excadrill
|-damage|p2a: Excadrill|0 fnt
|faint|p2a: Excadrill
|
|upkeep
|
|t:|1685455318
|switch|p2a: Lycanroc|Lycanroc, L80, M|251/251
|-damage|p2a: Lycanroc|220/251|[from] Stealth Rock
|turn|9
|
|t:|1685455343
|move|p1a: Accelgor|Yawn|p2a: Lycanroc
|-start|p2a: Lycanroc|move: Yawn|[of] p1a: Accelgor
|move|p2a: Lycanroc|Stone Edge|p1a: Accelgor
|-supereffective|p1a: Accelgor
|-damage|p1a: Accelgor|0 fnt
|faint|p1a: Accelgor
|
|upkeep
|
|t:|1685455350
|switch|p1a: Magearna|Magearna-Original, L76|247/247
|turn|10
|inactive|Jamiekiller has 120 seconds left.
|
|t:|1685455382
|switch|p2a: Goodra|Goodra, L82, M|282/282
|-damage|p2a: Goodra|247/282|[from] Stealth Rock
|move|p1a: Magearna|Agility|p1a: Magearna
|-boost|p1a: Magearna|spe|2
|
|upkeep
|turn|11
|
|t:|1685455398
|move|p1a: Magearna|Fleur Cannon|p2a: Goodra
|-supereffective|p2a: Goodra
|-damage|p2a: Goodra|109/282
|-unboost|p1a: Magearna|spa|2
|move|p2a: Goodra|Earthquake|p1a: Magearna
|-supereffective|p1a: Magearna
|-damage|p1a: Magearna|135/247
|
|-heal|p1a: Magearna|150/247|[from] item: Leftovers
|upkeep
|turn|12
|inactive|Jamiekiller has 120 seconds left.
|
|t:|1685455413
|move|p1a: Magearna|Calm Mind|p1a: Magearna
|-boost|p1a: Magearna|spa|1
|-boost|p1a: Magearna|spd|1
|move|p2a: Goodra|Earthquake|p1a: Magearna
|-supereffective|p1a: Magearna
|-damage|p1a: Magearna|18/247
|
|-heal|p1a: Magearna|33/247|[from] item: Leftovers
|upkeep
|turn|13
|
|t:|1685455421
|move|p1a: Magearna|Fleur Cannon|p2a: Goodra
|-supereffective|p2a: Goodra
|-damage|p2a: Goodra|19/282
|-unboost|p1a: Magearna|spa|2
|move|p2a: Goodra|Earthquake|p1a: Magearna
|-supereffective|p1a: Magearna
|-damage|p1a: Magearna|0 fnt
|faint|p1a: Magearna
|
|win|Jamiekiller
|raw|98uytr5lkn's rating: 1049 &rarr; <strong>1029</strong><br />(-20 for losing)
|raw|Jamiekiller's rating: 1000 &rarr; <strong>1046</strong><br />(+46 for winning)
|l|☆98uytr5lkn
