|j|☆Waluigi187
|j|☆lauda Mera
|t:|1683837546
|gametype|singles
|player|p1|Waluigi187|101|1333
|player|p2|lauda Mera|hilbert-wonderlauncher|1493
|teamsize|p1|6
|teamsize|p2|6
|gen|8
|tier|[Gen 8] Random Battle
|rated|
|rule|Species Clause: Limit one of each Pokémon
|rule|HP Percentage Mod: HP is shown in percentages
|rule|Sleep Clause Mod: Limit one foe put to sleep
|
|t:|1683837546
|start
|switch|p1a: Wishiwashi|Wishiwashi, L84, F|213/213
|switch|p2a: Thundurus|Thundurus-Therian, L80, M|258/258
|-formechange|p1a: Wishiwashi|Wishiwashi-School||[from] ability: Schooling
|turn|1
|inactive|Battle timer is ON: inactive players will automatically lose when time's up. (requested by lauda Mera)
|
|t:|1683837562
|move|p2a: Thundurus|Thunderbolt|p1a: Wishiwashi
|-supereffective|p1a: Wishiwashi
|-damage|p1a: Wishiwashi|99/213
|move|p1a: Wishiwashi|Ice Beam|p2a: Thundurus
|-supereffective|p2a: Thundurus
|-damage|p2a: Thundurus|78/258
|
|upkeep
|turn|2
|
|t:|1683837575
|move|p2a: Thundurus|Thunderbolt|p1a: Wishiwashi
|-supereffective|p1a: Wishiwashi
|-damage|p1a: Wishiwashi|0 fnt
|faint|p1a: Wishiwashi
|
|upkeep
|
|t:|1683837582
|switch|p1a: Spectrier|Spectrier, L74|270/270
|turn|3
|
|t:|1683837594
|switch|p2a: Thievul|Thievul, L86, F|261/261
|move|p1a: Spectrier|Substitute|p1a: Spectrier
|-start|p1a: Spectrier|Substitute
|-damage|p1a: Spectrier|203/270
|
|-heal|p1a: Spectrier|219/270|[from] item: Leftovers
|upkeep
|turn|4
|
|t:|1683837601
|move|p1a: Spectrier|Nasty Plot|p1a: Spectrier
|-boost|p1a: Spectrier|spa|2
|move|p2a: Thievul|Dark Pulse|p1a: Spectrier
|-supereffective|p1a: Spectrier
|-end|p1a: Spectrier|Substitute
|
|-heal|p1a: Spectrier|235/270|[from] item: Leftovers
|upkeep
|turn|5
|
|t:|1683837610
|move|p1a: Spectrier|Dark Pulse|p2a: Thievul
|-resisted|p2a: Thievul
|-damage|p2a: Thievul|203/261
|move|p2a: Thievul|Dark Pulse|p1a: Spectrier
|-supereffective|p1a: Spectrier
|-damage|p1a: Spectrier|41/270
|
|-heal|p1a: Spectrier|57/270|[from] item: Leftovers
|-heal|p2a: Thievul|219/261|[from] item: Leftovers
|upkeep
|turn|6
|
|t:|1683837624
|switch|p1a: Conkeldurr|Conkeldurr, L80, M|299/299
|move|p2a: Thievul|Dark Pulse|p1a: Conkeldurr
|-resisted|p1a: Conkeldurr
|-damage|p1a: Conkeldurr|185/299
|
|-heal|p2a: Thievul|235/261|[from] item: Leftovers
|-status|p1a: Conkeldurr|brn|[from] item: Flame Orb
|upkeep
|turn|7
|
|t:|1683837630
|move|p2a: Thievul|Parting Shot|p1a: Conkeldurr
|-unboost|p1a: Conkeldurr|atk|1
|-unboost|p1a: Conkeldurr|spa|1
|
|t:|1683837645
|switch|p2a: Quagsire|Quagsire, L84, F|297/297|[from] Parting Shot
|move|p1a: Conkeldurr|Drain Punch|p2a: Quagsire
|-damage|p2a: Quagsire|152/297
|-heal|p1a: Conkeldurr|258/299 brn|[from] drain|[of] p2a: Quagsire
|
|-heal|p2a: Quagsire|170/297|[from] item: Leftovers
|-damage|p1a: Conkeldurr|240/299 brn|[from] brn
|upkeep
|turn|8
|
|t:|1683837669
|switch|p1a: Spectrier|Spectrier, L74|57/270
|move|p2a: Quagsire|Earthquake|p1a: Spectrier
|-damage|p1a: Spectrier|0 fnt
|faint|p1a: Spectrier
|
|-heal|p2a: Quagsire|188/297|[from] item: Leftovers
|upkeep
|
|t:|1683837670
|switch|p1a: Accelgor|Accelgor, L86, M|278/278
|turn|9
|
|t:|1683837681
|switch|p2a: Thievul|Thievul, L86, F|235/261
|move|p1a: Accelgor|Energy Ball|p2a: Thievul
|-damage|p2a: Thievul|171/261
|
|-heal|p2a: Thievul|187/261|[from] item: Leftovers
|upkeep
|turn|10
|
|t:|1683837687
|switch|p2a: Thundurus|Thundurus-Therian, L80, M|78/258
|move|p1a: Accelgor|Bug Buzz|p2a: Thundurus
|-resisted|p2a: Thundurus
|-damage|p2a: Thundurus|25/258
|
|upkeep
|turn|11
|
|t:|1683837700
|move|p1a: Accelgor|Sludge Bomb|p2a: Thundurus
|-damage|p2a: Thundurus|0 fnt
|faint|p2a: Thundurus
|
|upkeep
|
|t:|1683837719
|switch|p2a: Mew|Mew, L80|291/291
|turn|12
|
|t:|1683837728
|switch|p1a: Conkeldurr|Conkeldurr, L80, M|240/299 brn
|move|p2a: Mew|Dragon Dance|p2a: Mew
|-boost|p2a: Mew|atk|1
|-boost|p2a: Mew|spe|1
|
|-damage|p1a: Conkeldurr|222/299 brn|[from] brn
|upkeep
|turn|13
|
|t:|1683837734
|move|p2a: Mew|Psychic Fangs|p1a: Conkeldurr
|-supereffective|p1a: Conkeldurr
|-damage|p1a: Conkeldurr|0 fnt
|faint|p1a: Conkeldurr
|
|upkeep
|
|t:|1683837737
|switch|p1a: Absol|Absol, L84, F|246/246
|turn|14
|
|t:|1683837764
|-start|p2a: Mew|Dynamax|
|-heal|p2a: Mew|582/582|[silent]
|move|p2a: Mew|Max Knuckle|p1a: Absol
|-supereffective|p1a: Absol
|-damage|p1a: Absol|0 fnt
|-boost|p2a: Mew|atk|1
|faint|p1a: Absol
|
|upkeep
|
|t:|1683837775
|switch|p1a: Accelgor|Accelgor, L86, M|278/278
|turn|15
|
|t:|1683837779
|-start|p1a: Accelgor|Dynamax|
|-heal|p1a: Accelgor|556/556|[silent]
|move|p2a: Mew|Max Mindstorm|p1a: Accelgor
|-damage|p1a: Accelgor|97/556
|-fieldstart|move: Psychic Terrain
|move|p1a: Accelgor|Max Flutterby|p2a: Mew
|-supereffective|p2a: Mew
|-damage|p2a: Mew|294/582
|-unboost|p2a: Mew|spa|1
|
|upkeep
|turn|16
|
|t:|1683837784
|move|p2a: Mew|Max Knuckle|p1a: Accelgor
|-resisted|p1a: Accelgor
|-damage|p1a: Accelgor|0 fnt
|-boost|p2a: Mew|atk|1
|faint|p1a: Accelgor
|
|upkeep
|
|t:|1683837786
|switch|p1a: Zapdos|Zapdos-Galar, L76|262/262
|-end|p2a: Mew|Dynamax
|-heal|p2a: Mew|147/291|[silent]
|turn|17
|
|t:|1683837788
|move|p2a: Mew|Psychic Fangs|p1a: Zapdos
|-supereffective|p1a: Zapdos
|-damage|p1a: Zapdos|0 fnt
|faint|p1a: Zapdos
|
|win|lauda Mera
|raw|Waluigi187's rating: 1333 &rarr; <strong>1321</strong><br />(-12 for losing)
|raw|lauda Mera's rating: 1484 &rarr; <strong>1496</strong><br />(+12 for winning)
