|j|☆Daiyilang ✬
|j|☆dorapult
|t:|1654939094
|gametype|singles
|player|p1|Daiyilang ✬|2|2445
|player|p2|dorapult|1|2491
|teamsize|p1|6
|teamsize|p2|6
|gen|8
|tier|[Gen 8] Random Battle
|rated|
|rule|Species Clause: Limit one of each Pokémon
|rule|HP Percentage Mod: HP is shown in percentages
|rule|Sleep Clause Mod: Limit one foe put to sleep
|
|t:|1654939094
|start
|switch|p1a: Excadrill|Excadrill, L78, F|300/300
|switch|p2a: Escavalier|Escavalier, L84, M|255/255
|turn|1
|inactive|Battle timer is ON: inactive players will automatically lose when time's up. (requested by Daiyilang ✬)
|c|☆dorapult|/log dorapult made this room public.
|j| Fake Peralta
|c|☆dorapult|hf
|c|☆Daiyilang ✬|u2
|j| JJ09LIE
|j| Comkys
|inactive|Daiyilang ✬ has 120 seconds left.
|inactive|dorapult has 120 seconds left.
|c| JJ09LIE|2445 nice
|
|t:|1654939134
|switch|p1a: Talonflame|Talonflame, L81, M|259/259
|move|p2a: Escavalier|Megahorn|p1a: Talonflame
|-resisted|p1a: Talonflame
|-damage|p1a: Talonflame|210/259
|
|upkeep
|turn|2
|c| Comkys|damn 2445
|c| Comkys|thats insane
|c|☆Daiyilang ✬|dora is much higher lol
|
|t:|1654939159
|switch|p2a: Sudowoodo|Sudowoodo, L86, M|261/261
|move|p1a: Talonflame|U-turn|p2a: Sudowoodo
|-damage|p2a: Sudowoodo|227/261
|
|t:|1654939167
|switch|p1a: Perrserker|Perrserker, L86, F|261/261
|
|-heal|p2a: Sudowoodo|243/261|[from] item: Leftovers
|upkeep
|turn|3
|j| Mad_skilz3
|j| Eichorrniaª
|
|t:|1654939179
|switch|p2a: Golisopod|Golisopod, L84, F|263/263
|move|p1a: Perrserker|Iron Head|p2a: Golisopod
|-resisted|p2a: Golisopod
|-damage|p2a: Golisopod|191/263
|
|upkeep
|turn|4
|
|t:|1654939183
|move|p1a: Perrserker|Iron Head|p2a: Golisopod
|-resisted|p2a: Golisopod
|-damage|p2a: Golisopod|111/263
|-activate|p2a: Golisopod|ability: Emergency Exit
|
|t:|1654939186
|switch|p2a: Volcanion|Volcanion, L80|259/259
|
|upkeep
|turn|5
|
|t:|1654939191
|switch|p1a: Milotic|Milotic, L82, M|290/290
|move|p2a: Volcanion|Steam Eruption|p1a: Milotic
|-resisted|p1a: Milotic
|-damage|p1a: Milotic|233/290
|-status|p1a: Milotic|brn
|
|-heal|p1a: Milotic|251/290 brn|[from] item: Leftovers
|-damage|p1a: Milotic|233/290 brn|[from] brn
|upkeep
|turn|6
|c| Comkys|its a 50 point diff  much higher..
|
|t:|1654939203
|switch|p2a: Golisopod|Golisopod, L84, F|111/263
|move|p1a: Milotic|Scald|p2a: Golisopod
|-resisted|p2a: Golisopod
|-damage|p2a: Golisopod|74/263
|
|-heal|p1a: Milotic|251/290 brn|[from] item: Leftovers
|-damage|p1a: Milotic|233/290 brn|[from] brn
|upkeep
|turn|7
|
|t:|1654939213
|move|p1a: Milotic|Scald|p2a: Golisopod
|-resisted|p2a: Golisopod
|-damage|p2a: Golisopod|30/263
|move|p2a: Golisopod|Spikes|p1a: Milotic
|-sidestart|p1: Daiyilang ✬|Spikes
|
|-heal|p1a: Milotic|251/290 brn|[from] item: Leftovers
|-damage|p1a: Milotic|233/290 brn|[from] brn
|upkeep
|turn|8
|c| Comkys|anyway you should focus on the game
|
|t:|1654939225
|switch|p2a: Volcanion|Volcanion, L80|259/259
|move|p1a: Milotic|Scald|p2a: Volcanion
|-immune|p2a: Volcanion|[from] ability: Water Absorb
|
|-heal|p1a: Milotic|251/290 brn|[from] item: Leftovers
|-damage|p1a: Milotic|233/290 brn|[from] brn
|upkeep
|turn|9
|
|t:|1654939233
|switch|p2a: Gengar|Gengar, L80, M|227/227
|move|p1a: Milotic|Toxic|p2a: Gengar
|-immune|p2a: Gengar
|
|-heal|p1a: Milotic|251/290 brn|[from] item: Leftovers
|-damage|p1a: Milotic|233/290 brn|[from] brn
|upkeep
|turn|10
|c| JJ09LIE|Dora match to no1
|
|t:|1654939244
|move|p2a: Gengar|Nasty Plot|p2a: Gengar
|-boost|p2a: Gengar|spa|2
|move|p1a: Milotic|Scald|p2a: Gengar
|-damage|p2a: Gengar|121/227
|-status|p2a: Gengar|brn
|
|-heal|p1a: Milotic|251/290 brn|[from] item: Leftovers
|-damage|p2a: Gengar|107/227 brn|[from] brn
|-damage|p1a: Milotic|233/290 brn|[from] brn
|upkeep
|turn|11
|c| JJ09LIE|ur typhlosion right
|c|☆dorapult|yeah
|inactive|Daiyilang ✬ has 120 seconds left.
|c| Eichorrniaª|Rip doras mu
|c| Eichorrniaª|Horrible
|
|t:|1654939291
|switch|p1a: Lunatone|Lunatone, L86|295/295
|move|p2a: Gengar|Sludge Wave|p1a: Lunatone
|-resisted|p1a: Lunatone
|-damage|p1a: Lunatone|143/295
|-damage|p2a: Gengar|85/227 brn|[from] item: Life Orb
|
|-damage|p2a: Gengar|71/227 brn|[from] brn
|upkeep
|turn|12
|c| JJ09LIE|Why not push on ur main
|c| Comkys|yea the match up
|
|t:|1654939296
|move|p2a: Gengar|Shadow Ball|p1a: Lunatone
|-supereffective|p1a: Lunatone
|-damage|p1a: Lunatone|0 fnt
|faint|p1a: Lunatone
|-damage|p2a: Gengar|49/227 brn|[from] item: Life Orb
|
|-damage|p2a: Gengar|35/227 brn|[from] brn
|upkeep
|
|t:|1654939301
|switch|p1a: Talonflame|Talonflame, L81, M|210/259
|turn|13
|j| ivehadenoughshit
|c|☆dorapult|idk i like laddering anonymously
|
|t:|1654939326
|switch|p2a: Sudowoodo|Sudowoodo, L86, M|243/261
|move|p1a: Talonflame|Brave Bird|p2a: Sudowoodo
|-resisted|p2a: Sudowoodo
|-damage|p2a: Sudowoodo|204/261
|-damage|p1a: Talonflame|197/259|[from] Recoil
|
|-heal|p2a: Sudowoodo|220/261|[from] item: Leftovers
|upkeep
|turn|14
|
|t:|1654939331
|move|p1a: Talonflame|U-turn|p2a: Sudowoodo
|-damage|p2a: Sudowoodo|186/261
|
|t:|1654939334
|switch|p1a: Perrserker|Perrserker, L86, F|261/261
|-damage|p1a: Perrserker|229/261|[from] Spikes
|move|p2a: Sudowoodo|Stealth Rock|p1a: Perrserker
|-sidestart|p1: Daiyilang ✬|move: Stealth Rock
|
|-heal|p2a: Sudowoodo|202/261|[from] item: Leftovers
|upkeep
|turn|15
|
|t:|1654939344
|switch|p2a: Volcanion|Volcanion, L80|259/259
|move|p1a: Perrserker|U-turn|p2a: Volcanion
|-resisted|p2a: Volcanion
|-damage|p2a: Volcanion|224/259
|
|t:|1654939346
|switch|p1a: Milotic|Milotic, L82, M|233/290 brn
|-damage|p1a: Milotic|197/290 brn|[from] Spikes
|-damage|p1a: Milotic|161/290 brn|[from] Stealth Rock
|
|-heal|p1a: Milotic|179/290 brn|[from] item: Leftovers
|-damage|p1a: Milotic|161/290 brn|[from] brn
|upkeep
|turn|16
|
|t:|1654939357
|switch|p2a: Escavalier|Escavalier, L84, M|255/255
|move|p1a: Milotic|Recover|p1a: Milotic
|-heal|p1a: Milotic|290/290 brn
|
|-damage|p1a: Milotic|272/290 brn|[from] brn
|upkeep
|turn|17
|
|t:|1654939363
|switch|p1a: Talonflame|Talonflame, L81, M|197/259
|move|p2a: Escavalier|Megahorn|p1a: Talonflame|[miss]
|-miss|p2a: Escavalier|p1a: Talonflame
|
|upkeep
|turn|18
|
|t:|1654939374
|move|p1a: Talonflame|U-turn|p2a: Escavalier
|-resisted|p2a: Escavalier
|-damage|p2a: Escavalier|239/255
|
|t:|1654939375
|switch|p1a: Perrserker|Perrserker, L86, F|229/261
|-damage|p1a: Perrserker|197/261|[from] Spikes
|-damage|p1a: Perrserker|181/261|[from] Stealth Rock
|move|p2a: Escavalier|Megahorn|p1a: Perrserker
|-resisted|p1a: Perrserker
|-damage|p1a: Perrserker|111/261
|
|-heal|p2a: Escavalier|254/255|[from] item: Leftovers
|upkeep
|turn|19
|l| Eichorrniaª
|
|t:|1654939387
|switch|p2a: Volcanion|Volcanion, L80|224/259
|move|p1a: Perrserker|Close Combat|p2a: Volcanion
|-damage|p2a: Volcanion|107/259
|-unboost|p1a: Perrserker|def|1
|-unboost|p1a: Perrserker|spd|1
|
|upkeep
|turn|20
|c| Comkys|tbh i would aswell i dont want he attention tied to a main i want people to talk to me  FOR ME not bc i am goodat the game
|
|t:|1654939397
|switch|p2a: Escavalier|Escavalier, L84, M|254/255
|switch|p1a: Milotic|Milotic, L82, M|272/290 brn
|-damage|p1a: Milotic|236/290 brn|[from] Spikes
|-damage|p1a: Milotic|200/290 brn|[from] Stealth Rock
|
|-heal|p1a: Milotic|218/290 brn|[from] item: Leftovers
|-heal|p2a: Escavalier|255/255|[from] item: Leftovers
|-damage|p1a: Milotic|200/290 brn|[from] brn
|upkeep
|turn|21
|j| Andy_Vick
|
|t:|1654939407
|switch|p1a: Talonflame|Talonflame, L81, M|197/259
|move|p2a: Escavalier|Megahorn|p1a: Talonflame
|-resisted|p1a: Talonflame
|-damage|p1a: Talonflame|147/259
|
|upkeep
|turn|22
|
|t:|1654939411
|switch|p2a: Sudowoodo|Sudowoodo, L86, M|202/261
|move|p1a: Talonflame|U-turn|p2a: Sudowoodo
|-damage|p2a: Sudowoodo|171/261
|j| Exomu
|
|t:|1654939414
|switch|p1a: Perrserker|Perrserker, L86, F|111/261
|-damage|p1a: Perrserker|79/261|[from] Spikes
|-damage|p1a: Perrserker|63/261|[from] Stealth Rock
|
|-heal|p2a: Sudowoodo|187/261|[from] item: Leftovers
|upkeep
|turn|23
|
|t:|1654939424
|switch|p2a: Golisopod|Golisopod, L84, F|30/263
|move|p1a: Perrserker|Iron Head|p2a: Golisopod
|-resisted|p2a: Golisopod
|-damage|p2a: Golisopod|0 fnt
|faint|p2a: Golisopod
|
|upkeep
|l| Exomu
|
|t:|1654939434
|switch|p2a: Volcanion|Volcanion, L80|107/259
|turn|24
|
|t:|1654939437
|move|p2a: Volcanion|Steam Eruption|p1a: Perrserker
|-damage|p1a: Perrserker|0 fnt
|faint|p1a: Perrserker
|
|upkeep
|
|t:|1654939438
|switch|p1a: Milotic|Milotic, L82, M|200/290 brn
|-damage|p1a: Milotic|164/290 brn|[from] Spikes
|-damage|p1a: Milotic|128/290 brn|[from] Stealth Rock
|turn|25
|
|t:|1654939442
|switch|p2a: Escavalier|Escavalier, L84, M|255/255
|move|p1a: Milotic|Recover|p1a: Milotic
|-heal|p1a: Milotic|273/290 brn
|
|-heal|p1a: Milotic|290/290 brn|[from] item: Leftovers
|-damage|p1a: Milotic|272/290 brn|[from] brn
|upkeep
|turn|26
|
|t:|1654939447
|move|p1a: Milotic|Scald|p2a: Escavalier
|-damage|p2a: Escavalier|180/255
|move|p2a: Escavalier|Megahorn|p1a: Milotic
|-damage|p1a: Milotic|149/290 brn
|
|-heal|p1a: Milotic|167/290 brn|[from] item: Leftovers
|-heal|p2a: Escavalier|195/255|[from] item: Leftovers
|-damage|p1a: Milotic|149/290 brn|[from] brn
|upkeep
|turn|27
|
|t:|1654939454
|move|p1a: Milotic|Recover|p1a: Milotic
|-heal|p1a: Milotic|290/290 brn
|move|p2a: Escavalier|Swords Dance|p2a: Escavalier
|-boost|p2a: Escavalier|atk|2
|
|-heal|p2a: Escavalier|210/255|[from] item: Leftovers
|-damage|p1a: Milotic|272/290 brn|[from] brn
|upkeep
|turn|28
|
|t:|1654939456
|switch|p1a: Talonflame|Talonflame, L81, M|147/259
|move|p2a: Escavalier|Megahorn|p1a: Talonflame|[miss]
|-miss|p2a: Escavalier|p1a: Talonflame
|
|-heal|p2a: Escavalier|225/255|[from] item: Leftovers
|upkeep
|turn|29
|
|t:|1654939461
|switch|p2a: Sudowoodo|Sudowoodo, L86, M|187/261
|move|p1a: Talonflame|U-turn|p2a: Sudowoodo
|-damage|p2a: Sudowoodo|153/261
|c| JJ09LIE|Rip
|
|t:|1654939468
|switch|p1a: Excadrill|Excadrill, L78, F|300/300
|-damage|p1a: Excadrill|263/300|[from] Spikes
|-damage|p1a: Excadrill|254/300|[from] Stealth Rock
|
|-heal|p2a: Sudowoodo|169/261|[from] item: Leftovers
|upkeep
|turn|30
|
|t:|1654939479
|switch|p2a: Mienshao|Mienshao, L82, M|241/241
|move|p1a: Excadrill|Earthquake|p2a: Mienshao
|-damage|p2a: Mienshao|30/241
|-damage|p1a: Excadrill|224/300|[from] item: Life Orb
|
|upkeep
|turn|31
|c| Comkys|rough match up but it can happen
|inactive|Daiyilang ✬ has 120 seconds left.
|
|t:|1654939521
|switch|p1a: Talonflame|Talonflame, L81, M|147/259
|move|p2a: Mienshao|Close Combat|p1a: Talonflame
|-resisted|p1a: Talonflame
|-damage|p1a: Talonflame|63/259
|-unboost|p2a: Mienshao|def|1
|-unboost|p2a: Mienshao|spd|1
|
|upkeep
|turn|32
|
|t:|1654939534
|switch|p1a: Mew|Mew, L80|291/291
|-damage|p1a: Mew|255/291|[from] Spikes
|-damage|p1a: Mew|219/291|[from] Stealth Rock
|move|p2a: Mienshao|Close Combat|p1a: Mew
|-resisted|p1a: Mew
|-damage|p1a: Mew|149/291
|-unboost|p2a: Mienshao|def|1
|-unboost|p2a: Mienshao|spd|1
|
|upkeep
|turn|33
|inactive|dorapult has 120 seconds left.
|c| Comkys|mienshao is just chipin lol
|c| JJ09LIE|At least mienshao looks good
|c| Comkys|well it is doing helpful damage
|inactive|dorapult has 90 seconds left.
|j| futaba's clone
|inactive|dorapult has 60 seconds left.
|
|t:|1654939620
|switch|p2a: Escavalier|Escavalier, L84, M|225/255
|move|p1a: Mew|Dragon Dance|p1a: Mew
|-boost|p1a: Mew|atk|1
|-boost|p1a: Mew|spe|1
|
|-heal|p2a: Escavalier|240/255|[from] item: Leftovers
|upkeep
|turn|34
|inactive|dorapult has 60 seconds left.
|inactive|Daiyilang ✬ has 120 seconds left.
|
|t:|1654939656
|move|p1a: Mew|Flare Blitz|p2a: Escavalier
|-supereffective|p2a: Escavalier
|-damage|p2a: Escavalier|0 fnt
|faint|p2a: Escavalier
|-damage|p1a: Mew|70/291|[from] Recoil
|
|upkeep
|
|t:|1654939660
|switch|p2a: Mienshao|Mienshao, L82, M|110/241
|turn|35
|
|t:|1654939674
|move|p2a: Mienshao|U-turn|p1a: Mew
|-supereffective|p1a: Mew
|-damage|p1a: Mew|0 fnt
|faint|p1a: Mew
|
|t:|1654939678
|switch|p2a: Volcanion|Volcanion, L80|107/259
|
|upkeep
|inactive|Daiyilang ✬ has 120 seconds left.
|j| Freedom of Light
|l| Freedom of Light
|j| Accidere
|inactive|Daiyilang ✬ has 90 seconds left.
|c| Comkys|i expected a gengar switch to deal with the mew so that mew would be switched out which dora switchs into mienshao tbh
|c| Comkys|switches
|inactive|Daiyilang ✬ has 60 seconds left.
|c| Fake Peralta|Dragon danced
|c|☆Daiyilang ✬|do i risk it for no reason
|c|☆Daiyilang ✬|hmmm
|c| Comkys|ur choice
|c| JJ09LIE|Risk what
|inactive|Daiyilang ✬ has 30 seconds left.
|c| Fake Peralta|Bird
|inactive|Daiyilang ✬ has 20 seconds left.
|inactive|Daiyilang ✬ has 15 seconds left.
|c|☆Daiyilang ✬|lemme not
|
|t:|1654939797
|switch|p1a: Milotic|Milotic, L82, M|272/290 brn
|-damage|p1a: Milotic|236/290 brn|[from] Spikes
|-damage|p1a: Milotic|200/290 brn|[from] Stealth Rock
|turn|36
|inactive|Daiyilang ✬ has 25 seconds left this turn.
|c| Comkys|i was getting worried i was screaming MAKE A CHOICE
|c| Comkys|15 secs
|
|t:|1654939819
|switch|p2a: Gengar|Gengar, L80, M|35/227 brn
|move|p1a: Milotic|Recover|p1a: Milotic
|-heal|p1a: Milotic|290/290 brn
|
|-damage|p2a: Gengar|21/227 brn|[from] brn
|-damage|p1a: Milotic|272/290 brn|[from] brn
|upkeep
|turn|37
|c| Comkys|25
|c| JJ09LIE|It never kills
|
|t:|1654939830
|move|p2a: Gengar|Nasty Plot|p2a: Gengar
|-boost|p2a: Gengar|spa|2
|move|p1a: Milotic|Recover|p1a: Milotic
|-heal|p1a: Milotic|290/290 brn
|
|-damage|p2a: Gengar|7/227 brn|[from] brn
|-damage|p1a: Milotic|272/290 brn|[from] brn
|upkeep
|turn|38
|c| JJ09LIE|o
|j| Freedom of Light
|inactive|dorapult has 30 seconds left.
|c| Comkys|oof you predicted a shadow ball huh
|inactive|dorapult has 20 seconds left.
|inactive|dorapult has 15 seconds left.
|c| Comkys|no protect?
|
|t:|1654939867
|switch|p1a: Talonflame|Talonflame, L81, M|63/259
|-start|p2a: Gengar|Dynamax|Gmax
|-heal|p2a: Gengar|14/454 brn|[silent]
|move|p2a: Gengar|G-Max Terror|p1a: Talonflame
|-damage|p1a: Talonflame|0 fnt
|faint|p1a: Talonflame
|-damage|p2a: Gengar|0 fnt|[from] item: Life Orb
|faint|p2a: Gengar
|
|upkeep
|inactive|dorapult has 25 seconds left this turn.
|c| JJ09LIE|no
|c|☆dorapult|err
|inactive|dorapult has 20 seconds left.
|c| JJ09LIE|o no
|inactive|dorapult has 15 seconds left.
|inactive|Daiyilang ✬ has 30 seconds left.
|inactive|dorapult has 10 seconds left.
|c| Comkys|you will be misses talon and gengar
|c|☆Daiyilang ✬|phew
|
|t:|1654939891
|switch|p1a: Milotic|Milotic, L82, M|272/290 brn
|switch|p2a: Sudowoodo|Sudowoodo, L86, M|169/261
|-damage|p1a: Milotic|236/290 brn|[from] Spikes
|-damage|p1a: Milotic|200/290 brn|[from] Stealth Rock
|turn|39
|inactive|dorapult has 20 seconds left this turn.
|c| Comkys|missed
|
|t:|1654939896
|switch|p2a: Volcanion|Volcanion, L80|107/259
|move|p1a: Milotic|Scald|p2a: Volcanion
|-heal|p2a: Volcanion|171/259|[from] ability: Water Absorb|[of] p1a: Milotic
|
|-heal|p1a: Milotic|218/290 brn|[from] item: Leftovers
|-damage|p1a: Milotic|200/290 brn|[from] brn
|upkeep
|turn|40
|inactive|dorapult has 30 seconds left this turn.
|
|t:|1654939903
|switch|p2a: Mienshao|Mienshao, L82, M|190/241
|move|p1a: Milotic|Toxic|p2a: Mienshao
|-status|p2a: Mienshao|tox
|
|-heal|p1a: Milotic|218/290 brn|[from] item: Leftovers
|-damage|p2a: Mienshao|175/241 tox|[from] psn
|-damage|p1a: Milotic|200/290 brn|[from] brn
|upkeep
|turn|41
|c| Comkys|...
|
|t:|1654939908
|move|p2a: Mienshao|Knock Off|p1a: Milotic
|-damage|p1a: Milotic|145/290 brn
|-enditem|p1a: Milotic|Leftovers|[from] move: Knock Off|[of] p2a: Mienshao
|move|p1a: Milotic|Recover|p1a: Milotic
|-heal|p1a: Milotic|290/290 brn
|
|-damage|p2a: Mienshao|145/241 tox|[from] psn
|-damage|p1a: Milotic|272/290 brn|[from] brn
|upkeep
|turn|42
|c| Comkys|did you forget?
|c|☆Daiyilang ✬|nope
|inactive|Daiyilang ✬ has 60 seconds left.
|
|t:|1654939913
|move|p2a: Mienshao|Knock Off|p1a: Milotic
|-damage|p1a: Milotic|235/290 brn
|move|p1a: Milotic|Toxic|p2a: Mienshao
|-fail|p2a: Mienshao|tox
|
|-damage|p2a: Mienshao|100/241 tox|[from] psn
|-damage|p1a: Milotic|217/290 brn|[from] brn
|upkeep
|turn|43
|
|t:|1654939915
|switch|p2a: Volcanion|Volcanion, L80|171/259
|move|p1a: Milotic|Toxic|p2a: Volcanion
|-status|p2a: Volcanion|tox
|
|-damage|p2a: Volcanion|155/259 tox|[from] psn
|-damage|p1a: Milotic|199/290 brn|[from] brn
|upkeep
|turn|44
|
|t:|1654939919
|switch|p2a: Sudowoodo|Sudowoodo, L86, M|169/261
|move|p1a: Milotic|Ice Beam|p2a: Sudowoodo
|-damage|p2a: Sudowoodo|93/261
|
|-heal|p2a: Sudowoodo|109/261|[from] item: Leftovers
|-damage|p1a: Milotic|181/290 brn|[from] brn
|upkeep
|turn|45
|
|t:|1654939928
|switch|p2a: Volcanion|Volcanion, L80|155/259 tox
|move|p1a: Milotic|Scald|p2a: Volcanion
|-heal|p2a: Volcanion|219/259 tox|[from] ability: Water Absorb|[of] p1a: Milotic
|
|-damage|p2a: Volcanion|203/259 tox|[from] psn
|-damage|p1a: Milotic|163/290 brn|[from] brn
|upkeep
|turn|46
|
|t:|1654939935
|switch|p2a: Mienshao|Mienshao, L82, M|180/241 tox
|move|p1a: Milotic|Recover|p1a: Milotic
|-heal|p1a: Milotic|290/290 brn
|
|-damage|p2a: Mienshao|165/241 tox|[from] psn
|-damage|p1a: Milotic|272/290 brn|[from] brn
|upkeep
|turn|47
|c| Comkys|tbh the switch is kinda predictible so i was not gonna be suprised
|
|t:|1654939941
|move|p2a: Mienshao|U-turn|p1a: Milotic
|-damage|p1a: Milotic|226/290 brn
|
|t:|1654939942
|switch|p2a: Volcanion|Volcanion, L80|203/259 tox
|move|p1a: Milotic|Ice Beam|p2a: Volcanion
|-resisted|p2a: Volcanion
|-damage|p2a: Volcanion|187/259 tox
|
|-damage|p2a: Volcanion|171/259 tox|[from] psn
|-damage|p1a: Milotic|208/290 brn|[from] brn
|upkeep
|turn|48
|inactive|Daiyilang ✬ has 120 seconds left.
|c| Comkys|.. twice now
|c|☆Daiyilang ✬|well i dont wanna get wood hammered in the face for no reason :c
|
|t:|1654939961
|switch|p2a: Mienshao|Mienshao, L82, M|241/241 tox
|move|p1a: Milotic|Ice Beam|p2a: Mienshao
|-damage|p2a: Mienshao|160/241 tox
|
|-damage|p2a: Mienshao|145/241 tox|[from] psn
|-damage|p1a: Milotic|190/290 brn|[from] brn
|upkeep
|turn|49
|inactive|dorapult has 90 seconds left.
|
|t:|1654939971
|switch|p2a: Sudowoodo|Sudowoodo, L86, M|109/261
|move|p1a: Milotic|Recover|p1a: Milotic
|-heal|p1a: Milotic|290/290 brn
|
|-heal|p2a: Sudowoodo|125/261|[from] item: Leftovers
|-damage|p1a: Milotic|272/290 brn|[from] brn
|upkeep
|turn|50
|inactive|dorapult has 90 seconds left.
|
|t:|1654939989
|move|p1a: Milotic|Ice Beam|p2a: Sudowoodo
|-damage|p2a: Sudowoodo|45/261
|move|p2a: Sudowoodo|Wood Hammer|p1a: Milotic
|-supereffective|p1a: Milotic
|-damage|p1a: Milotic|134/290 brn
|
|-heal|p2a: Sudowoodo|61/261|[from] item: Leftovers
|-damage|p1a: Milotic|116/290 brn|[from] brn
|upkeep
|turn|51
|j| lucid dreamin
|inactive|dorapult has 90 seconds left.
|c| Mad_skilz3|Marvel scale milotic be putting in work
|c| Comkys|yea but hes banking on you  using ice beam on a sudowudo switch
|
|t:|1654939999
|move|p1a: Milotic|Ice Beam|p2a: Sudowoodo
|-damage|p2a: Sudowoodo|0 fnt
|faint|p2a: Sudowoodo
|
|-damage|p1a: Milotic|98/290 brn|[from] brn
|upkeep
|
|t:|1654940002
|switch|p2a: Mienshao|Mienshao, L82, M|225/241 tox
|turn|52
|inactive|dorapult has 90 seconds left.
|c| Freedom of Light|surprise fake out
|c| Fake Peralta|Banded
|c| Fake Peralta|Ig
|c| JJ09LIE|scarf doesn’t have lel
|c| Freedom of Light|ye
|
|t:|1654940041
|-start|p1a: Milotic|Dynamax|
|-heal|p1a: Milotic|196/580 brn|[silent]
|move|p2a: Mienshao|Close Combat|p1a: Milotic
|-damage|p1a: Milotic|96/580 brn
|-unboost|p2a: Mienshao|def|1
|-unboost|p2a: Mienshao|spd|1
|move|p1a: Milotic|Max Geyser|p2a: Mienshao
|-damage|p2a: Mienshao|0 fnt
|-weather|RainDance
|faint|p2a: Mienshao
|
|-weather|RainDance|[upkeep]
|-damage|p1a: Milotic|78/580 brn|[from] brn
|upkeep
|c| Comkys|hm  rip
|c| Freedom of Light|but dyna either way ig
|
|t:|1654940048
|switch|p2a: Volcanion|Volcanion, L80|171/259 tox
|turn|53
|c|☆Daiyilang ✬|dont be scarf
|c|☆Daiyilang ✬|plz
|
|t:|1654940054
|move|p1a: Milotic|Max Guard|p1a: Milotic
|-singleturn|p1a: Milotic|Max Guard
|move|p2a: Volcanion|Steam Eruption|p1a: Milotic
|-activate|p1a: Milotic|move: Max Guard
|
|-weather|RainDance|[upkeep]
|-damage|p2a: Volcanion|155/259 tox|[from] psn
|-damage|p1a: Milotic|60/580 brn|[from] brn
|upkeep
|turn|54
|
|t:|1654940058
|move|p1a: Milotic|Max Guard||[still]
|-fail|p1a: Milotic
|move|p2a: Volcanion|Steam Eruption|p1a: Milotic
|-resisted|p1a: Milotic
|-damage|p1a: Milotic|0 fnt
|faint|p1a: Milotic
|
|-weather|RainDance|[upkeep]
|-damage|p2a: Volcanion|123/259 tox|[from] psn
|upkeep
|
|t:|1654940059
|switch|p1a: Excadrill|Excadrill, L78, F|224/300
|-damage|p1a: Excadrill|187/300|[from] Spikes
|-damage|p1a: Excadrill|178/300|[from] Stealth Rock
|turn|55
|c| Comkys|just tsall recover
|
|t:|1654940065
|move|p2a: Volcanion|Steam Eruption|p1a: Excadrill|[miss]
|-miss|p2a: Volcanion|p1a: Excadrill
|move|p1a: Excadrill|Earthquake|p2a: Volcanion
|-supereffective|p2a: Volcanion
|-damage|p2a: Volcanion|0 fnt
|faint|p2a: Volcanion
|-damage|p1a: Excadrill|148/300|[from] item: Life Orb
|
|win|Daiyilang ✬
|raw|Daiyilang ✬'s rating: 2445 &rarr; <strong>2468</strong><br />(+23 for winning)
|raw|dorapult's rating: 2491 &rarr; <strong>2468</strong><br />(-23 for losing)
|c| JJ09LIE|Looks scarf
|c| Comkys|oh right
|c|☆dorapult|lol
|c| JJ09LIE|oh my
|c| Freedom of Light|ohhhh
|c|☆Daiyilang ✬|oh wow
|c| JJ09LIE|No1
|c| JJ09LIE|gone
|l| Accidere
|c| Comkys|lucky miss!!
|c|☆Daiyilang ✬|robbed
|c| Comkys|damn
|c|☆dorapult|it's alright
|c|☆dorapult|gg
|c|☆Daiyilang ✬|gg
|c| JJ09LIE|Sucksss
|l|☆dorapult
|c| Mad_skilz3|Rng hit again lol
|l|☆Daiyilang ✬
|c| Comkys|gg
|l| lucid dreamin
|l| JJ09LIE
|l| Comkys
|c| Freedom of Light|MichaelderBeste2 is now 2nd beste
||Ladder isn't responding, score probably updated but might not have (Request timeout).
