{"id": "gen8randombattle-1123651831", "p1": "legendary42", "p2": "sushi8899", "format": "[Gen 8] Random Battle", "log": "|j|\u2606legendary42\n|j|\u2606sushi8899\n|player|p1|legendary42|scientist-gen4dp|2383\n|player|p2|sushi8899|170|2431\n|teamsize|p1|6\n|teamsize|p2|6\n|gametype|singles\n|gen|8\n|tier|[Gen 8] Random Battle\n|rated|\n|rule|Species Clause: Limit one of each Pok\u00e9mon\n|rule|HP Percentage Mod: HP is shown in percentages\n|rule|Sleep Clause Mod: Limit one foe put to sleep\n|\n|start\n|switch|p1a: Incineroar|Incineroar, L82, F|290/290\n|switch|p2a: Vaporeon|Vaporeon, L84, M|356/356\n|-ability|p1a: Incineroar|Intimidate|boost\n|-unboost|p2a: Vaporeon|atk|1\n|turn|1\n|j| Seel Team Seven\n|inactive|Battle timer is ON: inactive players will automatically lose when time's up. (requested by sushi8899)\n|l| Seel Team Seven\n|\n|switch|p1a: Rotom|Rotom-Mow, L84|221/221\n|move|p2a: Vaporeon|Toxic|p1a: Rotom\n|-status|p1a: Rotom|tox\n|\n|-damage|p1a: Rotom|208/221 tox|[from] psn\n|upkeep\n|turn|2\n|j| yrsmelji\n|\n|switch|p2a: Jirachi|Jirachi, L80|291/291\n|move|p1a: Rotom|Volt Switch|p2a: Jirachi\n|-damage|p2a: Jirachi|196/291\n|-damage|p1a: Rotom|186/221 tox|[from] item: Life Orb\n|\n|switch|p1a: Incineroar|Incineroar, L82, F|290/290\n|-ability|p1a: Incineroar|Intimidate|boost\n|-unboost|p2a: Jirachi|atk|1\n|\n|-heal|p2a: Jirachi|214/291|[from] item: Leftovers\n|upkeep\n|turn|3\n|\n|switch|p2a: Vaporeon|Vaporeon, L84, M|356/356\n|move|p1a: Incineroar|Knock Off|p2a: Vaporeon\n|-damage|p2a: Vaporeon|212/356\n|-enditem|p2a: Vaporeon|Leftovers|[from] move: Knock Off|[of] p1a: Incineroar\n|\n|upkeep\n|turn|4\n|\n|switch|p1a: Gourgeist|Gourgeist-Large, L88, M|275/275\n|move|p2a: Vaporeon|Wish|p2a: Vaporeon\n|\n|upkeep\n|turn|5\n|\n|switch|p2a: Beheeyem|Beheeyem, L88, F|275/275\n|move|p1a: Gourgeist|Substitute|p1a: Gourgeist\n|-start|p1a: Gourgeist|Substitute\n|-damage|p1a: Gourgeist|207/275\n|\n|-heal|p1a: Gourgeist|224/275|[from] item: Leftovers\n|upkeep\n|turn|6\n|\n|move|p1a: Gourgeist|Power Whip|p2a: Beheeyem\n|-damage|p2a: Beheeyem|125/275\n|move|p2a: Beheeyem|Psychic|p1a: Gourgeist\n|-end|p1a: Gourgeist|Substitute\n|\n|-heal|p1a: Gourgeist|241/275|[from] item: Leftovers\n|upkeep\n|turn|7\n|\n|switch|p2a: Klinklang|Klinklang, L86|243/243\n|move|p1a: Gourgeist|Power Whip|p2a: Klinklang\n|-resisted|p2a: Klinklang\n|-damage|p2a: Klinklang|192/243\n|\n|-heal|p2a: Klinklang|207/243|[from] item: Leftovers\n|-heal|p1a: Gourgeist|258/275|[from] item: Leftovers\n|upkeep\n|turn|8\n|j| Luca Goers\n|\n|switch|p1a: Incineroar|Incineroar, L82, F|290/290\n|-ability|p1a: Incineroar|Intimidate|boost\n|-fail|p2a: Klinklang|unboost|[from] ability: Clear Body|[of] p2a: Klinklang\n|move|p2a: Klinklang|Substitute|p2a: Klinklang\n|-start|p2a: Klinklang|Substitute\n|-damage|p2a: Klinklang|147/243\n|\n|-heal|p2a: Klinklang|162/243|[from] item: Leftovers\n|upkeep\n|turn|9\n|\n|move|p2a: Klinklang|Wild Charge|p1a: Incineroar\n|-damage|p1a: Incineroar|216/290\n|-damage|p2a: Klinklang|143/243|[from] Recoil\n|move|p1a: Incineroar|Knock Off|p2a: Klinklang\n|-end|p2a: Klinklang|Substitute\n|\n|-heal|p2a: Klinklang|158/243|[from] item: Leftovers\n|upkeep\n|turn|10\n|\n|switch|p2a: Vaporeon|Vaporeon, L84, M|212/356\n|move|p1a: Incineroar|Parting Shot|p2a: Vaporeon\n|-unboost|p2a: Vaporeon|atk|1\n|-unboost|p2a: Vaporeon|spa|1\n|\n|switch|p1a: Gourgeist|Gourgeist-Large, L88, M|258/275\n|\n|-heal|p1a: Gourgeist|275/275|[from] item: Leftovers\n|upkeep\n|turn|11\n|\n|switch|p2a: Jirachi|Jirachi, L80|214/291\n|move|p1a: Gourgeist|Substitute|p1a: Gourgeist\n|-start|p1a: Gourgeist|Substitute\n|-damage|p1a: Gourgeist|207/275\n|\n|-heal|p2a: Jirachi|232/291|[from] item: Leftovers\n|-heal|p1a: Gourgeist|224/275|[from] item: Leftovers\n|upkeep\n|turn|12\n|\n|move|p2a: Jirachi|Fire Punch|p1a: Gourgeist\n|-supereffective|p1a: Gourgeist\n|-crit|p1a: Gourgeist\n|-end|p1a: Gourgeist|Substitute\n|move|p1a: Gourgeist|Will-O-Wisp|p2a: Jirachi\n|-status|p2a: Jirachi|brn\n|\n|-heal|p2a: Jirachi|250/291 brn|[from] item: Leftovers\n|-heal|p1a: Gourgeist|241/275|[from] item: Leftovers\n|-damage|p2a: Jirachi|232/291 brn|[from] brn\n|upkeep\n|turn|13\n|\n|switch|p1a: Incineroar|Incineroar, L82, F|216/290\n|-ability|p1a: Incineroar|Intimidate|boost\n|-unboost|p2a: Jirachi|atk|1\n|move|p2a: Jirachi|Stealth Rock|p1a: Incineroar\n|-sidestart|p1: legendary42|move: Stealth Rock\n|\n|-heal|p2a: Jirachi|250/291 brn|[from] item: Leftovers\n|-damage|p2a: Jirachi|232/291 brn|[from] brn\n|upkeep\n|turn|14\n|\n|switch|p2a: Vaporeon|Vaporeon, L84, M|212/356\n|move|p1a: Incineroar|Knock Off|p2a: Vaporeon\n|-damage|p2a: Vaporeon|109/356\n|\n|upkeep\n|turn|15\n|l| yrsmelji\n|j| nkl0ser\n|\n|move|p2a: Vaporeon|Toxic|p1a: Incineroar\n|-status|p1a: Incineroar|tox\n|move|p1a: Incineroar|Parting Shot|p2a: Vaporeon\n|-unboost|p2a: Vaporeon|atk|1\n|-unboost|p2a: Vaporeon|spa|1\n|\n|switch|p1a: Gourgeist|Gourgeist-Large, L88, M|241/275\n|-damage|p1a: Gourgeist|207/275|[from] Stealth Rock\n|\n|-heal|p1a: Gourgeist|224/275|[from] item: Leftovers\n|upkeep\n|turn|16\n|\n|move|p1a: Gourgeist|Substitute|p1a: Gourgeist\n|-start|p1a: Gourgeist|Substitute\n|-damage|p1a: Gourgeist|156/275\n|move|p2a: Vaporeon|Wish|p2a: Vaporeon\n|\n|-heal|p1a: Gourgeist|173/275|[from] item: Leftovers\n|upkeep\n|turn|17\n|\n|move|p2a: Vaporeon|Protect|p2a: Vaporeon\n|-singleturn|p2a: Vaporeon|Protect\n|move|p1a: Gourgeist|Power Whip|p2a: Vaporeon\n|-activate|p2a: Vaporeon|move: Protect\n|\n|-heal|p2a: Vaporeon|287/356|[from] move: Wish|[wisher] Vaporeon\n|-heal|p1a: Gourgeist|190/275|[from] item: Leftovers\n|upkeep\n|turn|18\n|\n|switch|p2a: Jirachi|Jirachi, L80|232/291 brn\n|move|p1a: Gourgeist|Power Whip|p2a: Jirachi\n|-resisted|p2a: Jirachi\n|-damage|p2a: Jirachi|161/291 brn\n|\n|-heal|p2a: Jirachi|179/291 brn|[from] item: Leftovers\n|-heal|p1a: Gourgeist|207/275|[from] item: Leftovers\n|-damage|p2a: Jirachi|161/291 brn|[from] brn\n|upkeep\n|turn|19\n|\n|move|p1a: Gourgeist|Shadow Sneak|p2a: Jirachi\n|-supereffective|p2a: Jirachi\n|-damage|p2a: Jirachi|71/291 brn\n|move|p2a: Jirachi|Fire Punch|p1a: Gourgeist\n|-supereffective|p1a: Gourgeist\n|-activate|p1a: Gourgeist|move: Substitute|[damage]\n|\n|-heal|p2a: Jirachi|89/291 brn|[from] item: Leftovers\n|-heal|p1a: Gourgeist|224/275|[from] item: Leftovers\n|-damage|p2a: Jirachi|71/291 brn|[from] brn\n|upkeep\n|turn|20\n|\n|move|p1a: Gourgeist|Shadow Sneak|p2a: Jirachi\n|-supereffective|p2a: Jirachi\n|-damage|p2a: Jirachi|0 fnt\n|faint|p2a: Jirachi\n|\n|-heal|p1a: Gourgeist|241/275|[from] item: Leftovers\n|upkeep\n|\n|switch|p2a: Kyurem|Kyurem-Black, L72|299/299\n|-ability|p2a: Kyurem|Teravolt\n|turn|21\n|\n|move|p2a: Kyurem|Icicle Spear|p1a: Gourgeist\n|-supereffective|p1a: Gourgeist\n|-end|p1a: Gourgeist|Substitute\n|-supereffective|p1a: Gourgeist\n|-crit|p1a: Gourgeist\n|-damage|p1a: Gourgeist|173/275\n|-hitcount|p1a: Gourgeist|2\n|move|p1a: Gourgeist|Will-O-Wisp|p2a: Kyurem|[miss]\n|-miss|p1a: Gourgeist|p2a: Kyurem\n|\n|-heal|p1a: Gourgeist|190/275|[from] item: Leftovers\n|upkeep\n|turn|22\n|\n|switch|p1a: Incineroar|Incineroar, L82, F|216/290 tox\n|-ability|p1a: Incineroar|Intimidate|boost\n|-unboost|p2a: Kyurem|atk|1\n|move|p2a: Kyurem|Icicle Spear|p1a: Incineroar\n|-resisted|p1a: Incineroar\n|-damage|p1a: Incineroar|204/290 tox\n|-resisted|p1a: Incineroar\n|-damage|p1a: Incineroar|194/290 tox\n|-hitcount|p1a: Incineroar|2\n|\n|-damage|p1a: Incineroar|176/290 tox|[from] psn\n|upkeep\n|turn|23\n|\n|switch|p2a: Vaporeon|Vaporeon, L84, M|287/356\n|move|p1a: Incineroar|Parting Shot|p2a: Vaporeon\n|-unboost|p2a: Vaporeon|atk|1\n|-unboost|p2a: Vaporeon|spa|1\n|\n|switch|p1a: Gourgeist|Gourgeist-Large, L88, M|190/275\n|-damage|p1a: Gourgeist|156/275|[from] Stealth Rock\n|\n|-heal|p1a: Gourgeist|173/275|[from] item: Leftovers\n|upkeep\n|turn|24\n|\n|switch|p2a: Kyurem|Kyurem-Black, L72|299/299\n|-ability|p2a: Kyurem|Teravolt\n|move|p1a: Gourgeist|Power Whip|p2a: Kyurem\n|-resisted|p2a: Kyurem\n|-crit|p2a: Kyurem\n|-damage|p2a: Kyurem|195/299\n|\n|-heal|p1a: Gourgeist|190/275|[from] item: Leftovers\n|upkeep\n|turn|25\n|\n|switch|p1a: Incineroar|Incineroar, L82, F|176/290 tox\n|-ability|p1a: Incineroar|Intimidate|boost\n|-unboost|p2a: Kyurem|atk|1\n|move|p2a: Kyurem|Icicle Spear|p1a: Incineroar\n|-resisted|p1a: Incineroar\n|-damage|p1a: Incineroar|165/290 tox\n|-resisted|p1a: Incineroar\n|-damage|p1a: Incineroar|156/290 tox\n|-hitcount|p1a: Incineroar|2\n|\n|-damage|p1a: Incineroar|138/290 tox|[from] psn\n|upkeep\n|turn|26\n|\n|move|p2a: Kyurem|Dragon Dance|p2a: Kyurem\n|-boost|p2a: Kyurem|atk|1\n|-boost|p2a: Kyurem|spe|1\n|move|p1a: Incineroar|Parting Shot|p2a: Kyurem\n|-unboost|p2a: Kyurem|atk|1\n|-unboost|p2a: Kyurem|spa|1\n|\n|switch|p1a: Falinks|Falinks, L88|258/258\n|-damage|p1a: Falinks|242/258|[from] Stealth Rock\n|\n|upkeep\n|turn|27\n|\n|switch|p2a: Vaporeon|Vaporeon, L84, M|287/356\n|move|p1a: Falinks|No Retreat|p1a: Falinks\n|-boost|p1a: Falinks|atk|1\n|-boost|p1a: Falinks|def|1\n|-boost|p1a: Falinks|spa|1\n|-boost|p1a: Falinks|spd|1\n|-boost|p1a: Falinks|spe|1\n|-start|p1a: Falinks|move: No Retreat\n|\n|upkeep\n|turn|28\n|\n|move|p1a: Falinks|Close Combat|p2a: Vaporeon\n|-damage|p2a: Vaporeon|0 fnt\n|-unboost|p1a: Falinks|def|1\n|-unboost|p1a: Falinks|spd|1\n|-damage|p1a: Falinks|217/258|[from] item: Life Orb\n|faint|p2a: Vaporeon\n|\n|upkeep\n|-message|sushi8899 forfeited.\n|\n|win|legendary42\n|l|\u2606sushi8899\n|raw|legendary42's rating: 2383 &rarr; <strong>2406</strong><br />(+23 for winning)\n|raw|sushi8899's rating: 2432 &rarr; <strong>2409</strong><br />(-23 for losing)\n|l| nkl0ser\n", "inputlog": ">version 5a867d2feb684034aa05b68bf346b96290498fed\n>start {\"formatid\":\"gen8randombattle\",\"seed\":[15911,28052,31179,27300],\"rated\":\"Rated battle\"}\n>player p1 {\"name\":\"legendary42\",\"avatar\":\"scientist-gen4dp\",\"team\":\"\",\"rating\":2383,\"seed\":[57033,4562,32642,52587]}\n>player p2 {\"name\":\"sushi8899\",\"avatar\":\"170\",\"team\":\"\",\"rating\":2431,\"seed\":[10780,15341,15445,63409]}\n>p1 switch 6\n>p2 move toxic\n>p1 move voltswitch\n>p2 switch 5\n>p1 switch 6\n>p1 move knockoff\n>p2 switch 5\n>p1 switch 3\n>p2 move wish\n>p1 move substitute\n>p2 switch 6\n>p1 move powerwhip\n>p2 move psychic\n>p1 move powerwhip\n>p2 switch 4\n>p1 switch 3\n>p2 move substitute\n>p1 move knockoff\n>p2 move wildcharge\n>p1 move partingshot\n>p2 switch 6\n>p1 switch 3\n>p1 move substitute\n>p2 switch 5\n>p1 move willowisp\n>p2 move firepunch\n>p1 switch 3\n>p2 move stealthrock\n>p1 move knockoff\n>p2 switch 5\n>p1 move partingshot\n>p2 move toxic\n>p1 switch 3\n>p1 move substitute\n>p2 move wish\n>p1 move powerwhip\n>p2 move protect\n>p1 move powerwhip\n>p2 switch 5\n>p1 move shadowsneak\n>p2 move firepunch\n>p1 move shadowsneak\n>p2 move firepunch\n>p2 switch 2\n>p1 move willowisp\n>p2 move iciclespear\n>p1 switch 3\n>p2 move iciclespear\n>p1 move partingshot\n>p2 switch 5\n>p1 switch 3\n>p1 move powerwhip\n>p2 switch 5\n>p1 switch 3\n>p2 move iciclespear\n>p1 move partingshot\n>p2 move dragondance\n>p1 switch 4\n>p1 move noretreat\n>p2 switch 5\n>p1 move closecombat\n>p2 move toxic", "uploadtime": 1590813037, "views": 104, "p1id": "legendary42", "p2id": "sushi8899", "formatid": "gen8randombattle", "rating": 2406, "private": 0, "password": null}