{"id": "gen8randombattle-1861848799", "p1": "darkell8", "p2": "kyuremwhite>blick", "format": "[Gen 8] Random Battle", "log": "|j|\u2606darkell8\n|j|\u2606kyuremwhite>blick\n|t:|1683814687\n|gametype|singles\n|player|p1|darkell8|unknown|1324\n|player|p2|kyuremwhite>blick|pokemonranger-gen4|1258\n|teamsize|p1|6\n|teamsize|p2|6\n|gen|8\n|tier|[Gen 8] Random Battle\n|rated|\n|rule|Species Clause: Limit one of each Pok\u00e9mon\n|rule|HP Percentage Mod: HP is shown in percentages\n|rule|Sleep Clause Mod: Limit one foe put to sleep\n|\n|t:|1683814687\n|start\n|switch|p1a: Zapdos|Zapdos-Galar, L76|262/262\n|switch|p2a: Wigglytuff|Wigglytuff, L90, F|398/398\n|turn|1\n|\n|t:|1683814704\n|switch|p1a: Salazzle|Salazzle, L82, F|246/246\n|move|p2a: Wigglytuff|Light Screen|p2a: Wigglytuff\n|-sidestart|p2: kyuremwhite>blick|move: Light Screen\n|\n|upkeep\n|turn|2\n|inactive|Battle timer is ON: inactive players will automatically lose when time's up. (requested by kyuremwhite>blick)\n|\n|t:|1683814730\n|move|p1a: Salazzle|Substitute|p1a: Salazzle\n|-start|p1a: Salazzle|Substitute\n|-damage|p1a: Salazzle|185/246\n|move|p2a: Wigglytuff|Reflect|p2a: Wigglytuff\n|-sidestart|p2: kyuremwhite>blick|Reflect\n|\n|-heal|p1a: Salazzle|200/246|[from] item: Black Sludge\n|upkeep\n|turn|3\n|\n|t:|1683814739\n|switch|p2a: Sandaconda|Sandaconda, L84, M|258/258\n|move|p1a: Salazzle|Toxic|p2a: Sandaconda\n|-status|p2a: Sandaconda|tox\n|\n|-heal|p1a: Salazzle|215/246|[from] item: Black Sludge\n|-damage|p2a: Sandaconda|242/258 tox|[from] psn\n|upkeep\n|turn|4\n|\n|t:|1683814755\n|move|p1a: Salazzle|Protect|p1a: Salazzle\n|-singleturn|p1a: Salazzle|Protect\n|move|p2a: Sandaconda|Earthquake|p1a: Salazzle\n|-activate|p1a: Salazzle|move: Protect\n|\n|-heal|p1a: Salazzle|230/246|[from] item: Black Sludge\n|-heal|p2a: Sandaconda|258/258 tox|[from] item: Leftovers\n|-damage|p2a: Sandaconda|226/258 tox|[from] psn\n|upkeep\n|turn|5\n|\n|t:|1683814767\n|move|p1a: Salazzle|Flamethrower|p2a: Sandaconda\n|-damage|p2a: Sandaconda|162/258 tox\n|move|p2a: Sandaconda|Earthquake|p1a: Salazzle\n|-supereffective|p1a: Salazzle\n|-end|p1a: Salazzle|Substitute\n|\n|-heal|p1a: Salazzle|245/246|[from] item: Black Sludge\n|-heal|p2a: Sandaconda|178/258 tox|[from] item: Leftovers\n|-damage|p2a: Sandaconda|130/258 tox|[from] psn\n|upkeep\n|turn|6\n|\n|t:|1683814777\n|move|p1a: Salazzle|Protect|p1a: Salazzle\n|-singleturn|p1a: Salazzle|Protect\n|move|p2a: Sandaconda|Earthquake|p1a: Salazzle\n|-activate|p1a: Salazzle|move: Protect\n|\n|-heal|p1a: Salazzle|246/246|[from] item: Black Sludge\n|-heal|p2a: Sandaconda|146/258 tox|[from] item: Leftovers\n|-damage|p2a: Sandaconda|82/258 tox|[from] psn\n|upkeep\n|turn|7\n|\n|t:|1683814787\n|move|p1a: Salazzle|Substitute|p1a: Salazzle\n|-start|p1a: Salazzle|Substitute\n|-damage|p1a: Salazzle|185/246\n|move|p2a: Sandaconda|Earthquake|p1a: Salazzle\n|-supereffective|p1a: Salazzle\n|-end|p1a: Salazzle|Substitute\n|\n|-heal|p1a: Salazzle|200/246|[from] item: Black Sludge\n|-activate|p2a: Sandaconda|ability: Shed Skin\n|-curestatus|p2a: Sandaconda|tox|[msg]\n|-heal|p2a: Sandaconda|98/258|[from] item: Leftovers\n|upkeep\n|turn|8\n|\n|t:|1683814807\n|move|p1a: Salazzle|Protect|p1a: Salazzle\n|-singleturn|p1a: Salazzle|Protect\n|move|p2a: Sandaconda|Glare|p1a: Salazzle\n|-activate|p1a: Salazzle|move: Protect\n|\n|-heal|p1a: Salazzle|215/246|[from] item: Black Sludge\n|-heal|p2a: Sandaconda|114/258|[from] item: Leftovers\n|-sideend|p2: kyuremwhite>blick|move: Light Screen\n|upkeep\n|turn|9\n|inactive|darkell8 has 120 seconds left.\n|\n|t:|1683814827\n|move|p1a: Salazzle|Substitute|p1a: Salazzle\n|-start|p1a: Salazzle|Substitute\n|-damage|p1a: Salazzle|154/246\n|move|p2a: Sandaconda|Earthquake|p1a: Salazzle\n|-supereffective|p1a: Salazzle\n|-end|p1a: Salazzle|Substitute\n|\n|-heal|p1a: Salazzle|169/246|[from] item: Black Sludge\n|-heal|p2a: Sandaconda|130/258|[from] item: Leftovers\n|-sideend|p2: kyuremwhite>blick|Reflect\n|upkeep\n|turn|10\n|c|\u2606kyuremwhite>blick|bruh\n|c|\u2606kyuremwhite>blick|same thing really\n|\n|t:|1683814839\n|switch|p1a: Landorus|Landorus-Therian, L72, M|247/247\n|-ability|p1a: Landorus|Intimidate|boost\n|-unboost|p2a: Sandaconda|atk|1\n|move|p2a: Sandaconda|Coil|p2a: Sandaconda\n|-boost|p2a: Sandaconda|atk|1\n|-boost|p2a: Sandaconda|def|1\n|-boost|p2a: Sandaconda|accuracy|1\n|\n|-heal|p2a: Sandaconda|146/258|[from] item: Leftovers\n|upkeep\n|turn|11\n|inactive|darkell8 has 120 seconds left.\n|\n|t:|1683814855\n|move|p1a: Landorus|Swords Dance|p1a: Landorus\n|-boost|p1a: Landorus|atk|2\n|move|p2a: Sandaconda|Stone Edge|p1a: Landorus\n|-damage|p1a: Landorus|167/247\n|\n|-heal|p2a: Sandaconda|162/258|[from] item: Leftovers\n|upkeep\n|turn|12\n|\n|t:|1683814863\n|move|p1a: Landorus|Earthquake|p2a: Sandaconda\n|-damage|p2a: Sandaconda|13/258\n|-damage|p1a: Landorus|143/247|[from] item: Life Orb\n|move|p2a: Sandaconda|Glare|p1a: Landorus\n|-status|p1a: Landorus|par\n|\n|-heal|p2a: Sandaconda|29/258|[from] item: Leftovers\n|upkeep\n|turn|13\n|\n|t:|1683814872\n|move|p2a: Sandaconda|Stone Edge|p1a: Landorus\n|-damage|p1a: Landorus|51/247 par\n|cant|p1a: Landorus|par\n|\n|-heal|p2a: Sandaconda|45/258|[from] item: Leftovers\n|upkeep\n|turn|14\n|\n|t:|1683814879\n|move|p2a: Sandaconda|Stone Edge|p1a: Landorus\n|-damage|p1a: Landorus|0 fnt\n|faint|p1a: Landorus\n|\n|-heal|p2a: Sandaconda|61/258|[from] item: Leftovers\n|upkeep\n|\n|t:|1683814882\n|switch|p1a: Salazzle|Salazzle, L82, F|169/246\n|turn|15\n|\n|t:|1683814887\n|move|p1a: Salazzle|Flamethrower|p2a: Sandaconda\n|-damage|p2a: Sandaconda|0 fnt\n|faint|p2a: Sandaconda\n|\n|-heal|p1a: Salazzle|184/246|[from] item: Black Sludge\n|upkeep\n|\n|t:|1683814894\n|switch|p2a: Golisopod|Golisopod, L84, F|263/263\n|turn|16\n|\n|t:|1683814900\n|switch|p1a: Eternatus|Eternatus, L69|308/308\n|-ability|p1a: Eternatus|Pressure\n|move|p2a: Golisopod|Liquidation|p1a: Eternatus\n|-resisted|p1a: Eternatus\n|-damage|p1a: Eternatus|245/308\n|-unboost|p1a: Eternatus|def|1\n|\n|upkeep\n|turn|17\n|\n|t:|1683814918\n|move|p1a: Eternatus|Sludge Wave|p2a: Golisopod\n|-damage|p2a: Golisopod|173/263\n|-status|p2a: Golisopod|psn\n|move|p2a: Golisopod|Knock Off|p1a: Eternatus\n|-damage|p1a: Eternatus|92/308\n|-enditem|p1a: Eternatus|Metronome|[from] move: Knock Off|[of] p2a: Golisopod\n|\n|-damage|p2a: Golisopod|141/263 psn|[from] psn\n|upkeep\n|turn|18\n|\n|t:|1683814929\n|move|p1a: Eternatus|Recover|p1a: Eternatus\n|-heal|p1a: Eternatus|246/308\n|move|p2a: Golisopod|Knock Off|p1a: Eternatus\n|-damage|p1a: Eternatus|151/308\n|\n|-damage|p2a: Golisopod|109/263 psn|[from] psn\n|upkeep\n|-activate|p2a: Golisopod|ability: Emergency Exit\n|inactive|kyuremwhite>blick has 120 seconds left.\n|\n|t:|1683814951\n|switch|p2a: Bellossom|Bellossom, L82, F|257/257\n|turn|19\n|\n|t:|1683814967\n|switch|p1a: Clefable|Clefable, L82, F|290/290\n|move|p2a: Bellossom|Quiver Dance|p2a: Bellossom\n|-boost|p2a: Bellossom|spa|1\n|-boost|p2a: Bellossom|spd|1\n|-boost|p2a: Bellossom|spe|1\n|\n|upkeep\n|turn|20\n|inactive|kyuremwhite>blick has 120 seconds left.\n|\n|t:|1683814988\n|move|p2a: Bellossom|Moonblast|p1a: Clefable\n|-damage|p1a: Clefable|193/290\n|move|p1a: Clefable|Fire Blast|p2a: Bellossom|[miss]\n|-miss|p1a: Clefable|p2a: Bellossom\n|\n|upkeep\n|turn|21\n|inactive|kyuremwhite>blick has 120 seconds left.\n|\n|t:|1683815002\n|move|p2a: Bellossom|Quiver Dance|p2a: Bellossom\n|-boost|p2a: Bellossom|spa|1\n|-boost|p2a: Bellossom|spd|1\n|-boost|p2a: Bellossom|spe|1\n|move|p1a: Clefable|Calm Mind|p1a: Clefable\n|-boost|p1a: Clefable|spa|1\n|-boost|p1a: Clefable|spd|1\n|\n|upkeep\n|turn|22\n|inactive|kyuremwhite>blick has 120 seconds left.\n|\n|t:|1683815013\n|move|p2a: Bellossom|Giga Drain|p1a: Clefable\n|-damage|p1a: Clefable|93/290\n|move|p1a: Clefable|Fire Blast|p2a: Bellossom\n|-supereffective|p2a: Bellossom\n|-damage|p2a: Bellossom|130/257\n|\n|-heal|p2a: Bellossom|146/257|[from] item: Leftovers\n|upkeep\n|turn|23\n|n|!kyuremwhite>blick|kyuremwhiteblick\n|inactive|darkell8 has 120 seconds left.\n|\n|t:|1683815040\n|move|p2a: Bellossom|Moonblast|p1a: Clefable\n|-damage|p1a: Clefable|8/290\n|-unboost|p1a: Clefable|spa|1\n|move|p1a: Clefable|Soft-Boiled|p1a: Clefable\n|-heal|p1a: Clefable|153/290\n|\n|-heal|p2a: Bellossom|162/257|[from] item: Leftovers\n|upkeep\n|turn|24\n|\n|t:|1683815049\n|move|p2a: Bellossom|Giga Drain|p1a: Clefable\n|-damage|p1a: Clefable|56/290\n|-heal|p2a: Bellossom|211/257|[from] drain|[of] p1a: Clefable\n|move|p1a: Clefable|Soft-Boiled|p1a: Clefable\n|-heal|p1a: Clefable|201/290\n|\n|-heal|p2a: Bellossom|227/257|[from] item: Leftovers\n|upkeep\n|turn|25\n|\n|t:|1683815059\n|move|p2a: Bellossom|Quiver Dance|p2a: Bellossom\n|-boost|p2a: Bellossom|spa|1\n|-boost|p2a: Bellossom|spd|1\n|-boost|p2a: Bellossom|spe|1\n|move|p1a: Clefable|Calm Mind|p1a: Clefable\n|-boost|p1a: Clefable|spa|1\n|-boost|p1a: Clefable|spd|1\n|\n|-heal|p2a: Bellossom|243/257|[from] item: Leftovers\n|upkeep\n|turn|26\n|\n|t:|1683815067\n|move|p2a: Bellossom|Giga Drain|p1a: Clefable\n|-damage|p1a: Clefable|107/290\n|-heal|p2a: Bellossom|257/257|[from] drain|[of] p1a: Clefable\n|move|p1a: Clefable|Calm Mind|p1a: Clefable\n|-boost|p1a: Clefable|spa|1\n|-boost|p1a: Clefable|spd|1\n|\n|upkeep\n|turn|27\n|\n|t:|1683815076\n|move|p2a: Bellossom|Giga Drain|p1a: Clefable\n|-damage|p1a: Clefable|31/290\n|move|p1a: Clefable|Soft-Boiled|p1a: Clefable\n|-heal|p1a: Clefable|176/290\n|\n|upkeep\n|turn|28\n|\n|t:|1683815086\n|move|p2a: Bellossom|Quiver Dance|p2a: Bellossom\n|-boost|p2a: Bellossom|spa|1\n|-boost|p2a: Bellossom|spd|1\n|-boost|p2a: Bellossom|spe|1\n|move|p1a: Clefable|Calm Mind|p1a: Clefable\n|-boost|p1a: Clefable|spa|1\n|-boost|p1a: Clefable|spd|1\n|\n|upkeep\n|turn|29\n|\n|t:|1683815097\n|move|p2a: Bellossom|Giga Drain|p1a: Clefable\n|-damage|p1a: Clefable|104/290\n|move|p1a: Clefable|Soft-Boiled|p1a: Clefable\n|-heal|p1a: Clefable|249/290\n|\n|upkeep\n|turn|30\n|\n|t:|1683815103\n|move|p2a: Bellossom|Quiver Dance|p2a: Bellossom\n|-boost|p2a: Bellossom|spa|1\n|-boost|p2a: Bellossom|spd|1\n|-boost|p2a: Bellossom|spe|1\n|move|p1a: Clefable|Calm Mind|p1a: Clefable\n|-boost|p1a: Clefable|spa|1\n|-boost|p1a: Clefable|spd|1\n|\n|upkeep\n|turn|31\n|\n|t:|1683815112\n|move|p2a: Bellossom|Quiver Dance|p2a: Bellossom\n|-boost|p2a: Bellossom|spa|1\n|-boost|p2a: Bellossom|spd|1\n|-boost|p2a: Bellossom|spe|1\n|move|p1a: Clefable|Calm Mind|p1a: Clefable\n|-boost|p1a: Clefable|spa|1\n|-boost|p1a: Clefable|spd|1\n|\n|upkeep\n|turn|32\n|\n|t:|1683815122\n|move|p2a: Bellossom|Giga Drain|p1a: Clefable\n|-damage|p1a: Clefable|171/290\n|move|p1a: Clefable|Moonblast|p2a: Bellossom\n|-damage|p2a: Bellossom|166/257\n|-unboost|p2a: Bellossom|spa|1\n|\n|-heal|p2a: Bellossom|182/257|[from] item: Leftovers\n|upkeep\n|turn|33\n|\n|t:|1683815130\n|move|p2a: Bellossom|Giga Drain|p1a: Clefable\n|-damage|p1a: Clefable|105/290\n|-heal|p2a: Bellossom|215/257|[from] drain|[of] p1a: Clefable\n|move|p1a: Clefable|Soft-Boiled|p1a: Clefable\n|-heal|p1a: Clefable|250/290\n|\n|-heal|p2a: Bellossom|231/257|[from] item: Leftovers\n|upkeep\n|turn|34\n|\n|t:|1683815142\n|move|p2a: Bellossom|Moonblast|p1a: Clefable\n|-damage|p1a: Clefable|194/290\n|move|p1a: Clefable|Fire Blast|p2a: Bellossom\n|-supereffective|p2a: Bellossom\n|-damage|p2a: Bellossom|80/257\n|-status|p2a: Bellossom|brn\n|\n|-heal|p2a: Bellossom|96/257 brn|[from] item: Leftovers\n|-damage|p2a: Bellossom|80/257 brn|[from] brn\n|upkeep\n|turn|35\n|\n|t:|1683815152\n|move|p2a: Bellossom|Strength Sap|p1a: Clefable\n|-unboost|p1a: Clefable|atk|1\n|-heal|p2a: Bellossom|199/257 brn\n|move|p1a: Clefable|Soft-Boiled|p1a: Clefable\n|-heal|p1a: Clefable|290/290\n|\n|-heal|p2a: Bellossom|215/257 brn|[from] item: Leftovers\n|-damage|p2a: Bellossom|199/257 brn|[from] brn\n|upkeep\n|turn|36\n|\n|t:|1683815161\n|move|p2a: Bellossom|Strength Sap|p1a: Clefable\n|-unboost|p1a: Clefable|atk|1\n|-heal|p2a: Bellossom|257/257 brn\n|move|p1a: Clefable|Calm Mind|p1a: Clefable\n|-boost|p1a: Clefable|spa|1\n|-boost|p1a: Clefable|spd|0\n|\n|-damage|p2a: Bellossom|241/257 brn|[from] brn\n|upkeep\n|turn|37\n|\n|t:|1683815170\n|move|p2a: Bellossom|Giga Drain|p1a: Clefable\n|-damage|p1a: Clefable|221/290\n|-heal|p2a: Bellossom|257/257 brn|[from] drain|[of] p1a: Clefable\n|move|p1a: Clefable|Moonblast|p2a: Bellossom\n|-damage|p2a: Bellossom|136/257 brn\n|\n|-heal|p2a: Bellossom|152/257 brn|[from] item: Leftovers\n|-damage|p2a: Bellossom|136/257 brn|[from] brn\n|upkeep\n|turn|38\n|\n|t:|1683815181\n|move|p2a: Bellossom|Strength Sap|p1a: Clefable\n|-unboost|p1a: Clefable|atk|1\n|-heal|p2a: Bellossom|195/257 brn\n|move|p1a: Clefable|Moonblast|p2a: Bellossom\n|-damage|p2a: Bellossom|86/257 brn\n|\n|-heal|p2a: Bellossom|102/257 brn|[from] item: Leftovers\n|-damage|p2a: Bellossom|86/257 brn|[from] brn\n|upkeep\n|turn|39\n|\n|t:|1683815191\n|move|p2a: Bellossom|Strength Sap|p1a: Clefable\n|-unboost|p1a: Clefable|atk|1\n|-heal|p2a: Bellossom|133/257 brn\n|move|p1a: Clefable|Fire Blast|p2a: Bellossom\n|-supereffective|p2a: Bellossom\n|-damage|p2a: Bellossom|0 fnt\n|faint|p2a: Bellossom\n|\n|upkeep\n|\n|t:|1683815204\n|switch|p2a: Golisopod|Golisopod, L84, F|109/263 psn\n|turn|40\n|\n|t:|1683815224\n|move|p1a: Clefable|Soft-Boiled|p1a: Clefable\n|-heal|p1a: Clefable|290/290\n|move|p2a: Golisopod|Liquidation|p1a: Clefable\n|-damage|p1a: Clefable|172/290\n|\n|-damage|p2a: Golisopod|77/263 psn|[from] psn\n|upkeep\n|turn|41\n|\n|t:|1683815232\n|move|p1a: Clefable|Moonblast|p2a: Golisopod\n|-damage|p2a: Golisopod|0 fnt\n|faint|p2a: Golisopod\n|\n|upkeep\n|\n|t:|1683815244\n|switch|p2a: Tornadus|Tornadus-Therian, L78, M|251/251\n|turn|42\n|\n|t:|1683815259\n|move|p2a: Tornadus|Hurricane|p1a: Clefable\n|-damage|p1a: Clefable|141/290\n|move|p1a: Clefable|Soft-Boiled|p1a: Clefable\n|-heal|p1a: Clefable|286/290\n|\n|upkeep\n|turn|43\n|\n|t:|1683815267\n|switch|p2a: Wigglytuff|Wigglytuff, L90, F|398/398\n|move|p1a: Clefable|Moonblast|p2a: Wigglytuff\n|-damage|p2a: Wigglytuff|0 fnt\n|faint|p2a: Wigglytuff\n|\n|upkeep\n|\n|t:|1683815275\n|switch|p2a: Moltres|Moltres, L80|275/275\n|turn|44\n|\n|t:|1683815281\n|move|p2a: Moltres|Air Slash|p1a: Clefable\n|-damage|p1a: Clefable|262/290\n|move|p1a: Clefable|Moonblast|p2a: Moltres\n|-resisted|p2a: Moltres\n|-damage|p2a: Moltres|5/275\n|\n|upkeep\n|turn|45\n|\n|t:|1683815293\n|move|p2a: Moltres|Air Slash|p1a: Clefable\n|-damage|p1a: Clefable|238/290\n|move|p1a: Clefable|Moonblast|p2a: Moltres\n|-resisted|p2a: Moltres\n|-damage|p2a: Moltres|0 fnt\n|faint|p2a: Moltres\n|\n|upkeep\n|-message|kyuremwhite>blick forfeited.\n|\n|win|darkell8\n|raw|darkell8's rating: 1324 &rarr; <strong>1340</strong><br />(+16 for winning)\n|raw|kyuremwhite&gt;blick's rating: 1258 &rarr; <strong>1238</strong><br />(-20 for losing)\n|l|!kyuremwhite>blick\n", "inputlog": ">version bce759c5f189753f4322d11c9e5aa78bbe1b1bf9\n>start {\"formatid\":\"gen8randombattle\",\"seed\":[42386,4938,65348,64567],\"rated\":\"Rated battle\"}\n>player p1 {\"name\":\"darkell8\",\"avatar\":\"unknown\",\"rating\":1324,\"seed\":[32705,36231,19505,45968]}\n>player p2 {\"name\":\"kyuremwhite>blick\",\"avatar\":\"pokemonranger-gen4\",\"rating\":1258,\"seed\":[23199,56936,46617,59766]}\n>p1 switch 3\n>p2 move lightscreen\n>p1 move substitute\n>p2 move reflect\n>p1 move toxic\n>p2 switch 6\n>p1 move protect\n>p2 move earthquake\n>p1 move flamethrower\n>p2 move earthquake\n>p1 move protect\n>p2 move earthquake\n>p1 move substitute\n>p2 move earthquake\n>p1 move protect\n>p2 move glare\n>p1 move substitute\n>p2 move earthquake\n>chat \u2606kyuremwhite>blick|bruh\n>chat \u2606kyuremwhite>blick|same thing really\n>p1 switch 4\n>p2 move coil\n>p1 move swordsdance\n>p2 move stoneedge\n>p1 move earthquake\n>p2 move glare\n>p1 move earthquake\n>p2 move stoneedge\n>p1 move earthquake\n>p2 move stoneedge\n>p1 switch 4\n>p1 move flamethrower\n>p2 move earthquake\n>p2 switch 5\n>p1 switch 5\n>p2 move liquidation\n>p1 move sludgewave\n>p2 move knockoff\n>p1 move recover\n>p2 move knockoff\n>p2 switch 3\n>p1 switch 2\n>p2 move quiverdance\n>p1 move fireblast\n>p2 move moonblast\n>p1 move calmmind\n>p2 move quiverdance\n>p1 move fireblast\n>p2 move gigadrain\n>chat \u2606kyuremwhite>blick|u switch out u a pussy\n>p1 move softboiled\n>p2 move moonblast\n>p1 move softboiled\n>p2 move gigadrain\n>p1 move calmmind\n>p2 move quiverdance\n>p1 move calmmind\n>p2 move gigadrain\n>p1 move softboiled\n>p2 move gigadrain\n>p1 move calmmind\n>p2 move quiverdance\n>p1 move softboiled\n>p2 move gigadrain\n>p1 move calmmind\n>p2 move quiverdance\n>p1 move calmmind\n>p2 move quiverdance\n>p1 move moonblast\n>p2 move gigadrain\n>p1 move softboiled\n>p2 move gigadrain\n>p1 move fireblast\n>p2 move moonblast\n>p1 move softboiled\n>p2 move strengthsap\n>p1 move calmmind\n>p2 move strengthsap\n>p1 move moonblast\n>p2 move gigadrain\n>p1 move moonblast\n>p2 move strengthsap\n>p1 move fireblast\n>p2 move strengthsap\n>p2 switch 3\n>p1 move softboiled\n>p2 move liquidation\n>p1 move moonblast\n>p2 move knockoff\n>p2 switch 4\n>p1 move softboiled\n>p2 move hurricane\n>p1 move moonblast\n>p2 switch 6\n>p2 switch 2\n>p1 move moonblast\n>p2 move airslash\n>p1 move moonblast\n>p2 move airslash\n>forcelose p2", "uploadtime": 1683815038, "views": 4, "p1id": "darkell8", "p2id": "kyuremwhiteblick", "formatid": "gen8randombattle", "rating": 1238, "private": 0, "password": ""}