{"id": "gen8randombattle-1865364678", "p1": "Leon420CoolShit", "p2": "FreeYeezy69", "format": "[Gen 8] Random Battle", "log": "|j|\u2606Leon420CoolShit\n|j|\u2606FreeYeezy69\n|t:|1684278577\n|gametype|singles\n|player|p1|Leon420CoolShit|blaine|1406\n|player|p2|FreeYeezy69|clay|1340\n|teamsize|p1|6\n|teamsize|p2|6\n|gen|8\n|tier|[Gen 8] Random Battle\n|rated|\n|rule|Species Clause: Limit one of each Pok\u00e9mon\n|rule|HP Percentage Mod: HP is shown in percentages\n|rule|Sleep Clause Mod: Limit one foe put to sleep\n|\n|t:|1684278577\n|start\n|switch|p1a: Mr. Rime|Mr. Rime, L86, M|278/278\n|switch|p2a: Clawitzer|Clawitzer, L84, F|256/256\n|turn|1\n|inactive|Battle timer is ON: inactive players will automatically lose when time's up. (requested by Leon420CoolShit)\n|\n|t:|1684278626\n|switch|p1a: Milotic|Milotic, L82, F|290/290\n|switch|p2a: Centiskorch|Centiskorch, L84, M|305/305\n|\n|upkeep\n|turn|2\n|\n|t:|1684278639\n|switch|p2a: Galvantula|Galvantula, L82, M|249/249\n|move|p1a: Milotic|Toxic|p2a: Galvantula\n|-status|p2a: Galvantula|tox\n|\n|-damage|p2a: Galvantula|234/249 tox|[from] psn\n|upkeep\n|turn|3\n|\n|t:|1684278649\n|switch|p1a: Mr. Rime|Mr. Rime, L86, M|278/278\n|move|p2a: Galvantula|Sticky Web|p1a: Mr. Rime\n|-sidestart|p1: Leon420CoolShit|move: Sticky Web\n|\n|-damage|p2a: Galvantula|204/249 tox|[from] psn\n|upkeep\n|turn|4\n|\n|t:|1684278672\n|move|p2a: Galvantula|Bug Buzz|p1a: Mr. Rime\n|-supereffective|p1a: Mr. Rime\n|-damage|p1a: Mr. Rime|126/278\n|move|p1a: Mr. Rime|Rapid Spin|p2a: Galvantula\n|-damage|p2a: Galvantula|157/249 tox\n|-boost|p1a: Mr. Rime|spe|1\n|-sideend|p1: Leon420CoolShit|Sticky Web|[from] move: Rapid Spin|[of] p1a: Mr. Rime\n|\n|-damage|p2a: Galvantula|112/249 tox|[from] psn\n|upkeep\n|turn|5\n|\n|t:|1684278685\n|move|p1a: Mr. Rime|Slack Off|p1a: Mr. Rime\n|-heal|p1a: Mr. Rime|265/278\n|move|p2a: Galvantula|Bug Buzz|p1a: Mr. Rime\n|-supereffective|p1a: Mr. Rime\n|-damage|p1a: Mr. Rime|115/278\n|\n|-damage|p2a: Galvantula|52/249 tox|[from] psn\n|upkeep\n|turn|6\n|\n|t:|1684278695\n|move|p1a: Mr. Rime|Slack Off|p1a: Mr. Rime\n|-heal|p1a: Mr. Rime|254/278\n|move|p2a: Galvantula|Sticky Web|p1a: Mr. Rime\n|-sidestart|p1: Leon420CoolShit|move: Sticky Web\n|\n|-damage|p2a: Galvantula|0 fnt|[from] psn\n|faint|p2a: Galvantula\n|upkeep\n|\n|t:|1684278714\n|switch|p2a: Calyrex|Calyrex-Shadow, L65|238/238\n|-ability|p2a: Calyrex|As One\n|-ability|p2a: Calyrex|Unnerve\n|turn|7\n|\n|t:|1684278723\n|move|p1a: Mr. Rime|Freeze-Dry|p2a: Calyrex\n|-damage|p2a: Calyrex|141/238\n|move|p2a: Calyrex|Astral Barrage|p1a: Mr. Rime\n|-supereffective|p1a: Mr. Rime\n|-damage|p1a: Mr. Rime|36/278\n|\n|-heal|p2a: Calyrex|155/238|[from] item: Leftovers\n|upkeep\n|turn|8\n|inactive|FreeYeezy69 has 120 seconds left.\n|\n|t:|1684278746\n|switch|p1a: Milotic|Milotic, L82, F|290/290\n|-activate|p1a: Milotic|move: Sticky Web\n|-unboost|p1a: Milotic|spe|1\n|move|p2a: Calyrex|Nasty Plot|p2a: Calyrex\n|-boost|p2a: Calyrex|spa|2\n|\n|-heal|p2a: Calyrex|169/238|[from] item: Leftovers\n|upkeep\n|turn|9\n|inactive|FreeYeezy69 has 120 seconds left.\n|\n|t:|1684278767\n|move|p2a: Calyrex|Psyshock|p1a: Milotic\n|-crit|p1a: Milotic\n|-damage|p1a: Milotic|16/290\n|move|p1a: Milotic|Haze|p1a: Milotic\n|-clearallboost\n|\n|-heal|p2a: Calyrex|183/238|[from] item: Leftovers\n|-heal|p1a: Milotic|34/290|[from] item: Leftovers\n|upkeep\n|turn|10\n|\n|t:|1684278778\n|move|p2a: Calyrex|Astral Barrage|p1a: Milotic\n|-damage|p1a: Milotic|0 fnt\n|faint|p1a: Milotic\n|-ability|p2a: Calyrex|Grim Neigh|boost\n|-boost|p2a: Calyrex|spa|1\n|\n|-heal|p2a: Calyrex|197/238|[from] item: Leftovers\n|upkeep\n|\n|t:|1684278782\n|switch|p1a: Snorlax|Snorlax, L82, F|397/397\n|-activate|p1a: Snorlax|move: Sticky Web\n|-unboost|p1a: Snorlax|spe|1\n|turn|11\n|inactive|FreeYeezy69 has 120 seconds left.\n|\n|t:|1684278790\n|move|p2a: Calyrex|Psyshock|p1a: Snorlax\n|-damage|p1a: Snorlax|235/397\n|move|p1a: Snorlax|Darkest Lariat|p2a: Calyrex\n|-supereffective|p2a: Calyrex\n|-damage|p2a: Calyrex|0 fnt\n|faint|p2a: Calyrex\n|\n|upkeep\n|inactive|FreeYeezy69 has 120 seconds left.\n|\n|t:|1684278807\n|switch|p2a: Centiskorch|Centiskorch, L84, M|305/305\n|turn|12\n|\n|t:|1684278819\n|switch|p1a: Gengar|Gengar, L80, M|227/227\n|-activate|p1a: Gengar|move: Sticky Web\n|-unboost|p1a: Gengar|spe|1\n|move|p2a: Centiskorch|Knock Off|p1a: Gengar\n|-supereffective|p1a: Gengar\n|-damage|p1a: Gengar|11/227\n|-start|p2a: Centiskorch|Disable|Knock Off|[from] ability: Cursed Body|[of] p1a: Gengar\n|-enditem|p1a: Gengar|Life Orb|[from] move: Knock Off|[of] p2a: Centiskorch\n|\n|upkeep\n|turn|13\n|inactive|FreeYeezy69 has 120 seconds left.\n|c|\u2606FreeYeezy69|ez read\n|inactive|FreeYeezy69 has 90 seconds left.\n|\n|t:|1684278861\n|move|p2a: Centiskorch|Fire Lash|p1a: Gengar\n|-damage|p1a: Gengar|0 fnt\n|faint|p1a: Gengar\n|\n|upkeep\n|\n|t:|1684278864\n|switch|p1a: Mr. Rime|Mr. Rime, L86, M|36/278\n|turn|14\n|\n|t:|1684278871\n|move|p1a: Mr. Rime|Rapid Spin|p2a: Centiskorch\n|-damage|p2a: Centiskorch|264/305\n|-boost|p1a: Mr. Rime|spe|1\n|-sideend|p1: Leon420CoolShit|Sticky Web|[from] move: Rapid Spin|[of] p1a: Mr. Rime\n|move|p2a: Centiskorch|Fire Lash|p1a: Mr. Rime\n|-supereffective|p1a: Mr. Rime\n|-damage|p1a: Mr. Rime|0 fnt\n|faint|p1a: Mr. Rime\n|\n|upkeep\n|\n|t:|1684278877\n|switch|p1a: Snorlax|Snorlax, L82, F|235/397\n|turn|15\n|\n|t:|1684278884\n|move|p2a: Centiskorch|Leech Life|p1a: Snorlax\n|-damage|p1a: Snorlax|109/397\n|-heal|p2a: Centiskorch|305/305|[from] drain|[of] p1a: Snorlax\n|move|p1a: Snorlax|Earthquake|p2a: Centiskorch\n|-damage|p2a: Centiskorch|175/305\n|\n|-end|p2a: Centiskorch|Disable\n|upkeep\n|turn|16\n|\n|t:|1684278895\n|move|p2a: Centiskorch|Leech Life|p1a: Snorlax\n|-damage|p1a: Snorlax|0 fnt\n|-heal|p2a: Centiskorch|230/305|[from] drain|[of] p1a: Snorlax\n|faint|p1a: Snorlax\n|\n|upkeep\n|\n|t:|1684278899\n|switch|p1a: Sandslash|Sandslash-Alola, L86, M|269/269\n|turn|17\n|\n|t:|1684278918\n|-start|p1a: Sandslash|Dynamax|\n|-heal|p1a: Sandslash|538/538|[silent]\n|move|p1a: Sandslash|Max Hailstorm|p2a: Centiskorch\n|-resisted|p2a: Centiskorch\n|-damage|p2a: Centiskorch|113/305\n|-weather|Hail\n|-damage|p1a: Sandslash|512/538|[from] item: Life Orb\n|move|p2a: Centiskorch|Fire Lash|p1a: Sandslash\n|-supereffective|p1a: Sandslash\n|-damage|p1a: Sandslash|236/538\n|-unboost|p1a: Sandslash|def|1\n|\n|-weather|Hail|[upkeep]\n|-damage|p2a: Centiskorch|94/305|[from] Hail\n|upkeep\n|turn|18\n|\n|t:|1684278933\n|-start|p2a: Centiskorch|Dynamax|\n|-heal|p2a: Centiskorch|188/610|[silent]\n|move|p1a: Sandslash|Max Hailstorm|p2a: Centiskorch\n|-resisted|p2a: Centiskorch\n|-damage|p2a: Centiskorch|54/610\n|-damage|p1a: Sandslash|210/538|[from] item: Life Orb\n|move|p2a: Centiskorch|Max Flare|p1a: Sandslash\n|-supereffective|p1a: Sandslash\n|-damage|p1a: Sandslash|0 fnt\n|-weather|SunnyDay\n|faint|p1a: Sandslash\n|\n|-weather|SunnyDay|[upkeep]\n|upkeep\n|-message|Leon420CoolShit forfeited.\n|\n|win|FreeYeezy69\n|raw|Leon420CoolShit's rating: 1406 &rarr; <strong>1382</strong><br />(-24 for losing)\n|raw|FreeYeezy69's rating: 1340 &rarr; <strong>1364</strong><br />(+24 for winning)\n|l|\u2606Leon420CoolShit\n|c|\u2606FreeYeezy69|they call me gordon ramsay the way i cook these fools\n", "inputlog": ">version a86fbaffe903c4a7274c53376b849908390bb49d\n>start {\"formatid\":\"gen8randombattle\",\"seed\":[54132,42471,20467,279],\"rated\":\"Rated battle\"}\n>player p1 {\"name\":\"Leon420CoolShit\",\"avatar\":\"blaine\",\"rating\":1406,\"seed\":[64197,29893,34540,48998]}\n>player p2 {\"name\":\"FreeYeezy69\",\"avatar\":\"clay\",\"rating\":1340,\"seed\":[57434,419,9184,24825]}\n>p1 switch 4\n>p2 switch 5\n>p1 move toxic\n>p2 switch 2\n>p1 switch 4\n>p2 move stickyweb\n>p1 move rapidspin\n>p2 move bugbuzz\n>p1 move slackoff\n>p2 move bugbuzz\n>p1 move slackoff\n>p2 move stickyweb\n>p2 switch 3\n>p1 move freezedry\n>p2 move astralbarrage\n>p1 switch 4\n>p2 move nastyplot\n>p1 move haze\n>p2 move psyshock\n>p1 move recover\n>p2 move astralbarrage\n>p1 switch 3\n>p1 move darkestlariat\n>p2 move psyshock\n>p2 switch 2\n>p1 switch 6\n>p2 move knockoff\n>chat \u2606FreeYeezy69|ez read\n>p1 move sludgewave\n>p2 move firelash\n>p1 switch 4\n>p1 move rapidspin\n>p2 move firelash\n>p1 switch 6\n>p1 move earthquake\n>p2 move leechlife\n>p1 move earthquake\n>p2 move leechlife\n>p1 switch 2\n>p1 move tripleaxel dynamax\n>p2 move firelash\n>p1 move tripleaxel dynamax\n>p2 move firelash dynamax\n>forcelose p1", "uploadtime": 1684278967, "views": 4, "p1id": "leon420coolshit", "p2id": "freeyeezy69", "formatid": "gen8randombattle", "rating": 1364, "private": 0, "password": ""}