{"id": "gen8randombattle-1871565425", "p1": "rodribf5", "p2": "Kounoupi", "format": "[Gen 8] Random Battle", "log": "|j|\u2606rodribf5\n|j|\u2606Kounoupi\n|t:|1685107620\n|gametype|singles\n|player|p1|rodribf5|101|1194\n|player|p2|Kounoupi|1|1237\n|teamsize|p1|6\n|teamsize|p2|6\n|gen|8\n|tier|[Gen 8] Random Battle\n|rated|\n|rule|Species Clause: Limit one of each Pok\u00e9mon\n|rule|HP Percentage Mod: HP is shown in percentages\n|rule|Sleep Clause Mod: Limit one foe put to sleep\n|\n|t:|1685107620\n|start\n|switch|p1a: Dubwool|Dubwool, L86, M|264/264\n|switch|p2a: Rotom|Rotom-Mow, L86|226/226\n|turn|1\n|inactive|Battle timer is ON: inactive players will automatically lose when time's up. (requested by Kounoupi)\n|inactive|Kounoupi has 120 seconds left.\n|inactive|rodribf5 has 120 seconds left.\n|\n|t:|1685107656\n|move|p1a: Dubwool|Cotton Guard|p1a: Dubwool\n|-boost|p1a: Dubwool|def|3\n|move|p2a: Rotom|Will-O-Wisp|p1a: Dubwool|[miss]\n|-miss|p2a: Rotom|p1a: Dubwool\n|\n|upkeep\n|turn|2\n|\n|t:|1685107665\n|move|p1a: Dubwool|Body Press|p2a: Rotom\n|-damage|p2a: Rotom|93/226\n|move|p2a: Rotom|Will-O-Wisp|p1a: Dubwool\n|-status|p1a: Dubwool|brn\n|\n|-heal|p2a: Rotom|107/226|[from] item: Leftovers\n|-damage|p1a: Dubwool|248/264 brn|[from] brn\n|upkeep\n|turn|3\n|\n|t:|1685107672\n|move|p1a: Dubwool|Body Press|p2a: Rotom\n|-damage|p2a: Rotom|49/226\n|move|p2a: Rotom|Leaf Storm|p1a: Dubwool\n|-damage|p1a: Dubwool|106/264 brn\n|-unboost|p2a: Rotom|spa|2\n|\n|-heal|p1a: Dubwool|122/264 brn|[from] item: Leftovers\n|-heal|p2a: Rotom|63/226|[from] item: Leftovers\n|-damage|p1a: Dubwool|106/264 brn|[from] brn\n|upkeep\n|turn|4\n|\n|t:|1685107679\n|move|p1a: Dubwool|Body Press|p2a: Rotom\n|-damage|p2a: Rotom|3/226\n|move|p2a: Rotom|Will-O-Wisp|p1a: Dubwool\n|-fail|p1a: Dubwool|brn\n|\n|-heal|p1a: Dubwool|122/264 brn|[from] item: Leftovers\n|-heal|p2a: Rotom|17/226|[from] item: Leftovers\n|-damage|p1a: Dubwool|106/264 brn|[from] brn\n|upkeep\n|turn|5\n|\n|t:|1685107689\n|move|p1a: Dubwool|Rest|p1a: Dubwool\n|-status|p1a: Dubwool|slp|[from] move: Rest\n|-heal|p1a: Dubwool|264/264 slp|[silent]\n|move|p2a: Rotom|Nasty Plot|p2a: Rotom\n|-boost|p2a: Rotom|spa|2\n|\n|-heal|p2a: Rotom|31/226|[from] item: Leftovers\n|upkeep\n|turn|6\n|\n|t:|1685107696\n|cant|p1a: Dubwool|slp\n|move|p1a: Dubwool|Sleep Talk|p1a: Dubwool\n|move|p1a: Dubwool|Rest||[from]move: Sleep Talk|[still]\n|-fail|p1a: Dubwool\n|move|p2a: Rotom|Nasty Plot|p2a: Rotom\n|-boost|p2a: Rotom|spa|2\n|\n|-heal|p2a: Rotom|45/226|[from] item: Leftovers\n|upkeep\n|turn|7\n|\n|t:|1685107702\n|cant|p1a: Dubwool|slp\n|move|p1a: Dubwool|Sleep Talk|p1a: Dubwool\n|move|p1a: Dubwool|Rest||[from]move: Sleep Talk|[still]\n|-fail|p1a: Dubwool\n|move|p2a: Rotom|Leaf Storm|p1a: Dubwool\n|-damage|p1a: Dubwool|0 fnt\n|-unboost|p2a: Rotom|spa|2\n|faint|p1a: Dubwool\n|\n|-heal|p2a: Rotom|59/226|[from] item: Leftovers\n|upkeep\n|\n|t:|1685107720\n|switch|p1a: Celebi|Celebi, L82|298/298\n|turn|8\n|\n|t:|1685107727\n|switch|p2a: Walrein|Walrein, L86, F|329/329\n|move|p1a: Celebi|Psychic|p2a: Walrein\n|-damage|p2a: Walrein|232/329\n|\n|-heal|p2a: Walrein|252/329|[from] item: Leftovers\n|upkeep\n|turn|9\n|\n|t:|1685107735\n|move|p1a: Celebi|Leaf Storm|p2a: Walrein\n|-supereffective|p2a: Walrein\n|-damage|p2a: Walrein|10/329\n|-unboost|p1a: Celebi|spa|2\n|move|p2a: Walrein|Ice Beam|p1a: Celebi\n|-supereffective|p1a: Celebi\n|-damage|p1a: Celebi|110/298\n|\n|-heal|p1a: Celebi|128/298|[from] item: Leftovers\n|-heal|p2a: Walrein|30/329|[from] item: Leftovers\n|upkeep\n|turn|10\n|\n|t:|1685107745\n|move|p1a: Celebi|Psychic|p2a: Walrein\n|-damage|p2a: Walrein|0 fnt\n|faint|p2a: Walrein\n|\n|-heal|p1a: Celebi|146/298|[from] item: Leftovers\n|upkeep\n|\n|t:|1685107758\n|switch|p2a: Exeggutor|Exeggutor-Alola, L87, M|307/307\n|-item|p1a: Celebi|Leftovers|[from] ability: Frisk|[of] p2a: Exeggutor|[identify]\n|turn|11\n|\n|t:|1685107775\n|move|p1a: Celebi|Recover|p1a: Celebi\n|-heal|p1a: Celebi|295/298\n|move|p2a: Exeggutor|Flamethrower|p1a: Celebi\n|-supereffective|p1a: Celebi\n|-damage|p1a: Celebi|53/298\n|\n|-heal|p1a: Celebi|71/298|[from] item: Leftovers\n|upkeep\n|turn|12\n|\n|t:|1685107788\n|move|p1a: Celebi|Psychic|p2a: Exeggutor\n|-damage|p2a: Exeggutor|255/307\n|move|p2a: Exeggutor|Flamethrower|p1a: Celebi\n|-supereffective|p1a: Celebi\n|-damage|p1a: Celebi|0 fnt\n|faint|p1a: Celebi\n|\n|upkeep\n|\n|t:|1685107799\n|switch|p1a: Rotom|Rotom-Frost, L84|221/221\n|turn|13\n|\n|t:|1685107805\n|switch|p2a: Toxapex|Toxapex, L82, M|216/216\n|move|p1a: Rotom|Blizzard|p2a: Toxapex\n|-resisted|p2a: Toxapex\n|-damage|p2a: Toxapex|173/216\n|\n|-heal|p2a: Toxapex|186/216|[from] item: Black Sludge\n|upkeep\n|turn|14\n|\n|t:|1685107817\n|switch|p2a: Rotom|Rotom-Mow, L86|59/226\n|move|p1a: Rotom|Thunderbolt|p2a: Rotom\n|-resisted|p2a: Rotom\n|-damage|p2a: Rotom|36/226\n|\n|-heal|p2a: Rotom|50/226|[from] item: Leftovers\n|upkeep\n|turn|15\n|\n|t:|1685107829\n|move|p2a: Rotom|Leaf Storm|p1a: Rotom\n|-damage|p1a: Rotom|88/221\n|-unboost|p2a: Rotom|spa|2\n|move|p1a: Rotom|Blizzard|p2a: Rotom\n|-supereffective|p2a: Rotom\n|-damage|p2a: Rotom|0 fnt\n|faint|p2a: Rotom\n|\n|upkeep\n|\n|t:|1685107842\n|switch|p2a: Dragalge|Dragalge, L86, F|252/252\n|turn|16\n|\n|t:|1685107854\n|move|p1a: Rotom|Blizzard|p2a: Dragalge|[miss]\n|-miss|p1a: Rotom|p2a: Dragalge\n|move|p2a: Dragalge|Sludge Wave|p1a: Rotom\n|-damage|p1a: Rotom|0 fnt\n|faint|p1a: Rotom\n|\n|upkeep\n|\n|t:|1685107863\n|switch|p1a: Swoobat|Swoobat, L86, M|255/255\n|turn|17\n|\n|t:|1685107870\n|switch|p2a: Aggron|Aggron, L85, M|258/258\n|move|p1a: Swoobat|Calm Mind|p1a: Swoobat\n|-boost|p1a: Swoobat|spa|2\n|-boost|p1a: Swoobat|spd|2\n|\n|upkeep\n|turn|18\n|\n|t:|1685107879\n|-start|p2a: Aggron|Dynamax|\n|-heal|p2a: Aggron|516/516|[silent]\n|move|p1a: Swoobat|Heat Wave|p2a: Aggron\n|-damage|p2a: Aggron|329/516\n|-damage|p1a: Swoobat|230/255|[from] item: Life Orb\n|move|p2a: Aggron|Max Rockfall|p1a: Swoobat\n|-supereffective|p1a: Swoobat\n|-damage|p1a: Swoobat|0 fnt\n|-weather|Sandstorm\n|faint|p1a: Swoobat\n|\n|-weather|Sandstorm|[upkeep]\n|upkeep\n|l|\u2606Kounoupi\n|inactive|Kounoupi disconnected and has a minute to reconnect!\n|player|p2|\n|\n|t:|1685107899\n|switch|p1a: Gurdurr|Gurdurr, L83, F|277/277\n|turn|19\n|j|\u2606Kounoupi\n|inactive|Kounoupi reconnected and has 150 seconds left.\n|player|p2|Kounoupi|1\n|inactive|rodribf5 has 120 seconds left.\n|\n|t:|1685107938\n|move|p2a: Aggron|Max Steelspike|p1a: Gurdurr\n|-damage|p1a: Gurdurr|165/277\n|-boost|p2a: Aggron|def|1\n|move|p1a: Gurdurr|Drain Punch|p2a: Aggron\n|-supereffective|p2a: Aggron\n|-damage|p2a: Aggron|197/516\n|-heal|p1a: Gurdurr|231/277|[from] drain|[of] p2a: Aggron\n|\n|-weather|Sandstorm|[upkeep]\n|-damage|p1a: Gurdurr|214/277|[from] Sandstorm\n|upkeep\n|turn|20\n|\n|t:|1685107955\n|-start|p1a: Gurdurr|Dynamax|\n|-heal|p1a: Gurdurr|428/554|[silent]\n|move|p1a: Gurdurr|Max Guard|p1a: Gurdurr\n|-singleturn|p1a: Gurdurr|Max Guard\n|move|p2a: Aggron|Max Steelspike|p1a: Gurdurr\n|-activate|p1a: Gurdurr|move: Max Guard\n|\n|-weather|Sandstorm|[upkeep]\n|-damage|p1a: Gurdurr|411/554|[from] Sandstorm\n|upkeep\n|-end|p2a: Aggron|Dynamax\n|-heal|p2a: Aggron|99/258|[silent]\n|turn|21\n|\n|t:|1685107968\n|move|p2a: Aggron|Earthquake|p1a: Gurdurr\n|-damage|p1a: Gurdurr|327/554\n|move|p1a: Gurdurr|Max Knuckle|p2a: Aggron\n|-supereffective|p2a: Aggron\n|-damage|p2a: Aggron|0 fnt\n|-boost|p1a: Gurdurr|atk|1\n|faint|p2a: Aggron\n|\n|-weather|Sandstorm|[upkeep]\n|-damage|p1a: Gurdurr|310/554|[from] Sandstorm\n|upkeep\n|\n|t:|1685107978\n|switch|p2a: Toxapex|Toxapex, L82, M|216/216\n|turn|22\n|inactive|rodribf5 has 120 seconds left.\n|\n|t:|1685107992\n|move|p1a: Gurdurr|Max Darkness|p2a: Toxapex\n|-damage|p2a: Toxapex|132/216\n|-unboost|p2a: Toxapex|spd|1\n|move|p2a: Toxapex|Haze|p2a: Toxapex\n|-clearallboost\n|\n|-weather|none\n|-heal|p2a: Toxapex|145/216|[from] item: Black Sludge\n|upkeep\n|-end|p1a: Gurdurr|Dynamax\n|-heal|p1a: Gurdurr|155/277|[silent]\n|turn|23\n|inactive|rodribf5 has 120 seconds left.\n|\n|t:|1685108003\n|move|p1a: Gurdurr|Knock Off|p2a: Toxapex\n|-damage|p2a: Toxapex|96/216\n|-enditem|p2a: Toxapex|Black Sludge|[from] move: Knock Off|[of] p1a: Gurdurr\n|move|p2a: Toxapex|Scald|p1a: Gurdurr\n|-damage|p1a: Gurdurr|97/277\n|\n|upkeep\n|turn|24\n|inactive|rodribf5 has 120 seconds left.\n|\n|t:|1685108010\n|move|p1a: Gurdurr|Drain Punch|p2a: Toxapex\n|-resisted|p2a: Toxapex\n|-damage|p2a: Toxapex|69/216\n|-heal|p1a: Gurdurr|111/277|[from] drain|[of] p2a: Toxapex\n|move|p2a: Toxapex|Recover|p2a: Toxapex\n|-heal|p2a: Toxapex|177/216\n|\n|upkeep\n|turn|25\n|inactive|rodribf5 has 120 seconds left.\n|\n|t:|1685108022\n|switch|p1a: Yveltal|Yveltal, L69|287/287\n|-ability|p1a: Yveltal|Dark Aura\n|move|p2a: Toxapex|Scald|p1a: Yveltal\n|-damage|p1a: Yveltal|247/287\n|\n|upkeep\n|turn|26\n|\n|t:|1685108032\n|move|p1a: Yveltal|Oblivion Wing|p2a: Toxapex\n|-damage|p2a: Toxapex|123/216\n|-heal|p1a: Yveltal|287/287|[from] drain|[of] p2a: Toxapex\n|move|p2a: Toxapex|Scald|p1a: Yveltal\n|-damage|p1a: Yveltal|251/287\n|-status|p1a: Yveltal|brn\n|\n|-damage|p1a: Yveltal|234/287 brn|[from] brn\n|upkeep\n|turn|27\n|\n|t:|1685108041\n|move|p1a: Yveltal|Oblivion Wing|p2a: Toxapex\n|-damage|p2a: Toxapex|68/216\n|-heal|p1a: Yveltal|275/287 brn|[from] drain|[of] p2a: Toxapex\n|move|p2a: Toxapex|Toxic Spikes|p1a: Yveltal\n|-sidestart|p1: rodribf5|move: Toxic Spikes\n|\n|-damage|p1a: Yveltal|258/287 brn|[from] brn\n|upkeep\n|turn|28\n|\n|t:|1685108048\n|move|p1a: Yveltal|Oblivion Wing|p2a: Toxapex\n|-damage|p2a: Toxapex|14/216\n|-heal|p1a: Yveltal|287/287 brn|[from] drain|[of] p2a: Toxapex\n|move|p2a: Toxapex|Toxic Spikes|p1a: Yveltal\n|-sidestart|p1: rodribf5|move: Toxic Spikes\n|\n|-damage|p1a: Yveltal|270/287 brn|[from] brn\n|upkeep\n|turn|29\n|\n|t:|1685108057\n|move|p1a: Yveltal|Sucker Punch||[still]\n|-fail|p1a: Yveltal\n|move|p2a: Toxapex|Recover|p2a: Toxapex\n|-heal|p2a: Toxapex|122/216\n|\n|-damage|p1a: Yveltal|253/287 brn|[from] brn\n|upkeep\n|turn|30\n|\n|t:|1685108061\n|move|p1a: Yveltal|Oblivion Wing|p2a: Toxapex\n|-damage|p2a: Toxapex|70/216\n|-heal|p1a: Yveltal|287/287 brn|[from] drain|[of] p2a: Toxapex\n|move|p2a: Toxapex|Recover|p2a: Toxapex\n|-heal|p2a: Toxapex|178/216\n|\n|-damage|p1a: Yveltal|270/287 brn|[from] brn\n|upkeep\n|turn|31\n|\n|t:|1685108065\n|move|p1a: Yveltal|Oblivion Wing|p2a: Toxapex\n|-damage|p2a: Toxapex|127/216\n|-heal|p1a: Yveltal|287/287 brn|[from] drain|[of] p2a: Toxapex\n|move|p2a: Toxapex|Scald|p1a: Yveltal\n|-damage|p1a: Yveltal|245/287 brn\n|\n|-damage|p1a: Yveltal|228/287 brn|[from] brn\n|upkeep\n|turn|32\n|\n|t:|1685108073\n|move|p1a: Yveltal|Oblivion Wing|p2a: Toxapex\n|-damage|p2a: Toxapex|78/216\n|-heal|p1a: Yveltal|265/287 brn|[from] drain|[of] p2a: Toxapex\n|move|p2a: Toxapex|Recover|p2a: Toxapex\n|-heal|p2a: Toxapex|186/216\n|\n|-damage|p1a: Yveltal|248/287 brn|[from] brn\n|upkeep\n|turn|33\n|\n|t:|1685108093\n|move|p1a: Yveltal|Oblivion Wing|p2a: Toxapex\n|-damage|p2a: Toxapex|137/216\n|-heal|p1a: Yveltal|285/287 brn|[from] drain|[of] p2a: Toxapex\n|move|p2a: Toxapex|Scald|p1a: Yveltal\n|-damage|p1a: Yveltal|243/287 brn\n|\n|-damage|p1a: Yveltal|226/287 brn|[from] brn\n|upkeep\n|turn|34\n|\n|t:|1685108102\n|move|p1a: Yveltal|Oblivion Wing|p2a: Toxapex\n|-damage|p2a: Toxapex|80/216\n|-heal|p1a: Yveltal|269/287 brn|[from] drain|[of] p2a: Toxapex\n|move|p2a: Toxapex|Recover|p2a: Toxapex\n|-heal|p2a: Toxapex|188/216\n|\n|-damage|p1a: Yveltal|252/287 brn|[from] brn\n|upkeep\n|turn|35\n|c|\u2606rodribf5|Zzzzzz\n|c|\u2606rodribf5|Zzzzzz\n|c|\u2606rodribf5|Zzzz\n|c|\u2606rodribf5|Z\n|c|\u2606rodribf5|Z\n|c|\u2606rodribf5|Z\n|c|\u2606Kounoupi|zz\n|c|\u2606rodribf5|Zz\n|c|\u2606rodribf5|S\n|c|\u2606rodribf5|Zzzz\n|c|\u2606rodribf5|Omg\n|c|\u2606Kounoupi|vamos rodri\n|n|!rodribf5|rodribf5\n|inactive|rodribf5 has 120 seconds left.\n|\n|t:|1685108136\n|move|p1a: Yveltal|Oblivion Wing|p2a: Toxapex\n|-damage|p2a: Toxapex|140/216\n|-heal|p1a: Yveltal|287/287 brn|[from] drain|[of] p2a: Toxapex\n|move|p2a: Toxapex|Scald|p1a: Yveltal\n|-damage|p1a: Yveltal|247/287 brn\n|\n|-damage|p1a: Yveltal|230/287 brn|[from] brn\n|upkeep\n|turn|36\n|inactive|rodribf5 has 120 seconds left.\n|\n|t:|1685108143\n|move|p1a: Yveltal|Knock Off|p2a: Toxapex\n|-damage|p2a: Toxapex|116/216\n|move|p2a: Toxapex|Recover|p2a: Toxapex\n|-heal|p2a: Toxapex|216/216\n|\n|-damage|p1a: Yveltal|213/287 brn|[from] brn\n|upkeep\n|turn|37\n|\n|t:|1685108151\n|move|p1a: Yveltal|Oblivion Wing|p2a: Toxapex\n|-damage|p2a: Toxapex|162/216\n|-heal|p1a: Yveltal|254/287 brn|[from] drain|[of] p2a: Toxapex\n|move|p2a: Toxapex|Scald|p1a: Yveltal\n|-damage|p1a: Yveltal|215/287 brn\n|\n|-damage|p1a: Yveltal|198/287 brn|[from] brn\n|upkeep\n|turn|38\n|\n|t:|1685108158\n|move|p1a: Yveltal|Oblivion Wing|p2a: Toxapex\n|-damage|p2a: Toxapex|107/216\n|-heal|p1a: Yveltal|239/287 brn|[from] drain|[of] p2a: Toxapex\n|move|p2a: Toxapex|Recover|p2a: Toxapex\n|-heal|p2a: Toxapex|215/216\n|\n|-damage|p1a: Yveltal|222/287 brn|[from] brn\n|upkeep\n|turn|39\n|\n|t:|1685108165\n|move|p1a: Yveltal|Oblivion Wing|p2a: Toxapex\n|-damage|p2a: Toxapex|164/216\n|-heal|p1a: Yveltal|260/287 brn|[from] drain|[of] p2a: Toxapex\n|move|p2a: Toxapex|Scald|p1a: Yveltal\n|-damage|p1a: Yveltal|221/287 brn\n|\n|-damage|p1a: Yveltal|204/287 brn|[from] brn\n|upkeep\n|turn|40\n|\n|t:|1685108173\n|move|p1a: Yveltal|Oblivion Wing|p2a: Toxapex\n|-damage|p2a: Toxapex|109/216\n|-heal|p1a: Yveltal|245/287 brn|[from] drain|[of] p2a: Toxapex\n|move|p2a: Toxapex|Recover|p2a: Toxapex\n|-heal|p2a: Toxapex|216/216\n|\n|-damage|p1a: Yveltal|228/287 brn|[from] brn\n|upkeep\n|turn|41\n|\n|t:|1685108180\n|move|p1a: Yveltal|Oblivion Wing|p2a: Toxapex\n|-damage|p2a: Toxapex|168/216\n|-heal|p1a: Yveltal|264/287 brn|[from] drain|[of] p2a: Toxapex\n|move|p2a: Toxapex|Scald|p1a: Yveltal\n|-damage|p1a: Yveltal|225/287 brn\n|\n|-damage|p1a: Yveltal|208/287 brn|[from] brn\n|upkeep\n|turn|42\n|\n|t:|1685108188\n|move|p1a: Yveltal|Oblivion Wing|p2a: Toxapex\n|-damage|p2a: Toxapex|119/216\n|-heal|p1a: Yveltal|245/287 brn|[from] drain|[of] p2a: Toxapex\n|move|p2a: Toxapex|Recover|p2a: Toxapex\n|-heal|p2a: Toxapex|216/216\n|\n|-damage|p1a: Yveltal|228/287 brn|[from] brn\n|upkeep\n|turn|43\n|\n|t:|1685108195\n|move|p1a: Yveltal|Oblivion Wing|p2a: Toxapex\n|-damage|p2a: Toxapex|164/216\n|-heal|p1a: Yveltal|267/287 brn|[from] drain|[of] p2a: Toxapex\n|move|p2a: Toxapex|Recover|p2a: Toxapex\n|-heal|p2a: Toxapex|216/216\n|\n|-damage|p1a: Yveltal|250/287 brn|[from] brn\n|upkeep\n|turn|44\n|\n|t:|1685108211\n|move|p1a: Yveltal|Knock Off|p2a: Toxapex\n|-damage|p2a: Toxapex|191/216\n|move|p2a: Toxapex|Scald|p1a: Yveltal\n|-damage|p1a: Yveltal|214/287 brn\n|\n|-damage|p1a: Yveltal|197/287 brn|[from] brn\n|upkeep\n|turn|45\n|\n|t:|1685108217\n|move|p1a: Yveltal|Heat Wave|p2a: Toxapex\n|-resisted|p2a: Toxapex\n|-damage|p2a: Toxapex|170/216\n|move|p2a: Toxapex|Scald|p1a: Yveltal\n|-damage|p1a: Yveltal|158/287 brn\n|\n|-damage|p1a: Yveltal|141/287 brn|[from] brn\n|upkeep\n|turn|46\n|\n|t:|1685108220\n|move|p1a: Yveltal|Sucker Punch|p2a: Toxapex\n|-damage|p2a: Toxapex|143/216\n|move|p2a: Toxapex|Scald|p1a: Yveltal\n|-damage|p1a: Yveltal|99/287 brn\n|\n|-damage|p1a: Yveltal|82/287 brn|[from] brn\n|upkeep\n|turn|47\n|\n|t:|1685108222\n|move|p1a: Yveltal|Knock Off|p2a: Toxapex\n|-damage|p2a: Toxapex|117/216\n|move|p2a: Toxapex|Scald|p1a: Yveltal\n|-damage|p1a: Yveltal|42/287 brn\n|\n|-damage|p1a: Yveltal|25/287 brn|[from] brn\n|upkeep\n|turn|48\n|-message|rodribf5 forfeited.\n|\n|win|Kounoupi\n|raw|rodribf5's rating: 1194 &rarr; <strong>1172</strong><br />(-22 for losing)\n|raw|Kounoupi's rating: 1237 &rarr; <strong>1259</strong><br />(+22 for winning)\n", "inputlog": ">version 61c68e60481ef09071210320730fc448fef50368\n>start {\"formatid\":\"gen8randombattle\",\"seed\":[32674,62017,21978,53422],\"rated\":\"Rated battle\"}\n>player p1 {\"name\":\"rodribf5\",\"avatar\":\"101\",\"rating\":1194,\"seed\":[30509,17686,41151,17998]}\n>player p2 {\"name\":\"Kounoupi\",\"avatar\":\"1\",\"rating\":1237,\"seed\":[11094,38994,59613,39635]}\n>p1 move cottonguard\n>p2 move willowisp\n>p1 move bodypress\n>p2 move willowisp\n>p1 move bodypress\n>p2 move leafstorm\n>p1 move bodypress\n>p2 move willowisp\n>p1 move rest\n>p2 move nastyplot\n>p1 move sleeptalk\n>p2 move nastyplot\n>p1 move sleeptalk\n>p2 move leafstorm\n>p1 switch 6\n>p1 move psychic\n>p2 switch 6\n>p1 move leafstorm\n>p2 move icebeam\n>p1 move psychic\n>p2 move icebeam\n>p2 switch 4\n>p1 move recover\n>p2 move flamethrower\n>p1 move psychic\n>p2 move flamethrower\n>p1 switch 3\n>p1 move blizzard\n>p2 switch 2\n>p1 move thunderbolt\n>p2 switch 6\n>p1 move blizzard\n>p2 move leafstorm\n>p2 switch 5\n>p1 move blizzard\n>p2 move sludgewave\n>p1 switch 5\n>p1 move calmmind\n>p2 switch 3\n>p1 move heatwave\n>p2 move headsmash dynamax\n>p1 switch 4\n>p1 move drainpunch\n>p2 move heavyslam dynamax\n>p1 move defog dynamax\n>p2 move heavyslam dynamax\n>p1 move drainpunch dynamax\n>p2 move earthquake\n>p2 switch 6\n>p1 move knockoff dynamax\n>p2 move haze\n>p1 move knockoff\n>p2 move scald\n>p1 move drainpunch\n>p2 move recover\n>p1 switch 2\n>p2 move scald\n>p1 move oblivionwing\n>p2 move scald\n>p1 move oblivionwing\n>p2 move toxicspikes\n>p1 move oblivionwing\n>p2 move toxicspikes\n>p1 move suckerpunch\n>p2 move recover\n>p1 move oblivionwing\n>p2 move recover\n>p1 move oblivionwing\n>p2 move scald\n>p1 move oblivionwing\n>p2 move recover\n>p1 move oblivionwing\n>p2 move scald\n>p1 move oblivionwing\n>p2 move recover\n>chat \u2606rodribf5|Zzzzzz\n>chat \u2606rodribf5|Zzzzzz\n>chat \u2606rodribf5|Zzzz\n>chat \u2606rodribf5|Z\n>chat \u2606rodribf5|Z\n>chat \u2606rodribf5|Z\n>chat \u2606Kounoupi|zz\n>chat \u2606rodribf5|Zz\n>chat \u2606rodribf5|S\n>chat \u2606rodribf5|Zzzz\n>chat \u2606rodribf5|Omg\n>chat \u2606Kounoupi|vamos rodri\n>chat \u2606rodribf5|What a pussy\n>p1 move oblivionwing\n>p2 move scald\n>p1 move knockoff\n>p2 move recover\n>p1 move oblivionwing\n>p2 move scald\n>p1 move oblivionwing\n>p2 move recover\n>p1 move oblivionwing\n>p2 move scald\n>p1 move oblivionwing\n>p2 move recover\n>p1 move oblivionwing\n>p2 move scald\n>p1 move oblivionwing\n>p2 move recover\n>p1 move oblivionwing\n>p2 move recover\n>p1 move knockoff\n>p2 move scald\n>p1 move heatwave\n>p2 move scald\n>p1 move suckerpunch\n>p2 move scald\n>p1 move knockoff\n>p2 move scald\n>forcelose p1", "uploadtime": 1685108122, "views": 3, "p1id": "rodribf5", "p2id": "kounoupi", "formatid": "gen8randombattle", "rating": 1172, "private": 0, "password": ""}