{"id": "gen8randombattle-1861735083", "p1": "ZXD_9876", "p2": "youngelove", "format": "[Gen 8] Random Battle", "log": "|j|\u2606ZXD_9876\n|j|\u2606youngelove\n|t:|1683802011\n|gametype|singles\n|player|p1|ZXD_9876|101|\n|player|p2|youngelove|102|\n|teamsize|p1|6\n|teamsize|p2|6\n|gen|8\n|tier|[Gen 8] Random Battle\n|rule|Species Clause: Limit one of each Pok\u00e9mon\n|rule|HP Percentage Mod: HP is shown in percentages\n|rule|Sleep Clause Mod: Limit one foe put to sleep\n|\n|t:|1683802011\n|start\n|switch|p1a: Drednaw|Drednaw, L84, M|288/288\n|switch|p2a: Gourgeist|Gourgeist-Large, L84, F|263/263\n|-item|p1a: Drednaw|Life Orb|[from] ability: Frisk|[of] p2a: Gourgeist|[identify]\n|turn|1\n|inactive|Battle timer is ON: inactive players will automatically lose when time's up. (requested by ZXD_9876)\n|\n|t:|1683802027\n|switch|p1a: Rillaboom|Rillaboom, L78, M|284/284\n|-fieldstart|move: Grassy Terrain|[from] ability: Grassy Surge|[of] p1a: Rillaboom\n|move|p2a: Gourgeist|Poltergeist|p1a: Rillaboom\n|-activate|p1a: Rillaboom|move: Poltergeist|Choice Band\n|-damage|p1a: Rillaboom|172/284\n|\n|-heal|p1a: Rillaboom|189/284|[from] Grassy Terrain\n|upkeep\n|turn|2\n|\n|t:|1683802039\n|move|p1a: Rillaboom|U-turn|p2a: Gourgeist\n|-damage|p2a: Gourgeist|198/263\n|\n|t:|1683802051\n|switch|p1a: Indeedee|Indeedee-F, L85, F|258/258|[from] U-turn\n|-fieldstart|move: Psychic Terrain|[from] ability: Psychic Surge|[of] p1a: Indeedee\n|move|p2a: Gourgeist|Will-O-Wisp|p1a: Indeedee\n|-status|p1a: Indeedee|brn\n|\n|-heal|p2a: Gourgeist|214/263|[from] item: Leftovers\n|-damage|p1a: Indeedee|242/258 brn|[from] brn\n|upkeep\n|turn|3\n|\n|t:|1683802077\n|switch|p2a: Diancie|Diancie, L82|216/216\n|move|p1a: Indeedee|Mystical Fire|p2a: Diancie\n|-resisted|p2a: Diancie\n|-damage|p2a: Diancie|200/216\n|-damage|p1a: Indeedee|217/258 brn|[from] item: Life Orb\n|\n|-damage|p1a: Indeedee|201/258 brn|[from] brn\n|upkeep\n|turn|4\n|inactive|youngelove has 270 seconds left.\n|\n|t:|1683802095\n|switch|p1a: Rillaboom|Rillaboom, L78, M|189/284\n|-fieldstart|move: Grassy Terrain|[from] ability: Grassy Surge|[of] p1a: Rillaboom\n|move|p2a: Diancie|Diamond Storm|p1a: Rillaboom\n|-damage|p1a: Rillaboom|78/284\n|\n|-heal|p1a: Rillaboom|95/284|[from] Grassy Terrain\n|-heal|p2a: Diancie|213/216|[from] Grassy Terrain\n|upkeep\n|turn|5\n|c|\u2606ZXD_9876|\ud3ec\ucf13\ubaac\uc774\n|c|\u2606ZXD_9876|\ub178\ub2f5\uc778\ub370\n|inactive|youngelove has 270 seconds left.\n|\n|t:|1683802108\n|switch|p2a: Garbodor|Garbodor, L87, M|281/281\n|move|p1a: Rillaboom|U-turn|p2a: Garbodor\n|-resisted|p2a: Garbodor\n|-damage|p2a: Garbodor|238/281\n|\n|t:|1683802123\n|switch|p1a: Latias|Latias, L80, F|259/259|[from] U-turn\n|\n|-heal|p2a: Garbodor|255/281|[from] Grassy Terrain\n|-heal|p2a: Garbodor|272/281|[from] item: Black Sludge\n|upkeep\n|turn|6\n|c|\u2606youngelove|\ub098\ub3c4\ub780\ub2e4\n|inactive|youngelove has 270 seconds left.\n|\n|t:|1683802140\n|move|p1a: Latias|Calm Mind|p1a: Latias\n|-boost|p1a: Latias|spa|1\n|-boost|p1a: Latias|spd|1\n|move|p2a: Garbodor|Spikes|p1a: Latias\n|-sidestart|p1: ZXD_9876|Spikes\n|\n|-heal|p2a: Garbodor|281/281|[from] Grassy Terrain\n|upkeep\n|turn|7\n|inactive|youngelove has 270 seconds left.\n|\n|t:|1683802151\n|move|p1a: Latias|Psychic|p2a: Garbodor\n|-supereffective|p2a: Garbodor\n|-damage|p2a: Garbodor|3/281\n|-unboost|p2a: Garbodor|spd|1\n|move|p2a: Garbodor|Gunk Shot|p1a: Latias\n|-damage|p1a: Latias|121/259\n|\n|-heal|p1a: Latias|137/259|[from] item: Leftovers\n|-heal|p2a: Garbodor|20/281|[from] Grassy Terrain\n|-heal|p2a: Garbodor|37/281|[from] item: Black Sludge\n|upkeep\n|turn|8\n|inactive|youngelove has 270 seconds left.\n|\n|t:|1683802166\n|move|p1a: Latias|Psychic|p2a: Garbodor\n|-supereffective|p2a: Garbodor\n|-damage|p2a: Garbodor|0 fnt\n|faint|p2a: Garbodor\n|\n|-heal|p1a: Latias|153/259|[from] item: Leftovers\n|-fieldend|move: Grassy Terrain\n|upkeep\n|inactive|youngelove has 270 seconds left.\n|\n|t:|1683802179\n|switch|p2a: Golurk|Golurk, L82|280/280\n|turn|9\n|inactive|youngelove has 270 seconds left.\n|\n|t:|1683802189\n|move|p1a: Latias|Psychic|p2a: Golurk\n|-damage|p2a: Golurk|127/280\n|move|p2a: Golurk|Poltergeist|p1a: Latias\n|-activate|p1a: Latias|move: Poltergeist|Leftovers\n|-supereffective|p1a: Latias\n|-damage|p1a: Latias|0 fnt\n|faint|p1a: Latias\n|-damage|p2a: Golurk|99/280|[from] item: Life Orb\n|\n|upkeep\n|\n|t:|1683802199\n|switch|p1a: Sandslash|Sandslash, L86, F|269/269\n|-damage|p1a: Sandslash|236/269|[from] Spikes\n|turn|10\n|inactive|youngelove has 270 seconds left.\n|\n|t:|1683802216\n|move|p1a: Sandslash|Rapid Spin|p2a: Golurk\n|-immune|p2a: Golurk\n|move|p2a: Golurk|Poltergeist|p1a: Sandslash\n|-activate|p1a: Sandslash|move: Poltergeist|Leftovers\n|-damage|p1a: Sandslash|103/269\n|-damage|p2a: Golurk|71/280|[from] item: Life Orb\n|\n|-heal|p1a: Sandslash|119/269|[from] item: Leftovers\n|upkeep\n|turn|11\n|inactive|youngelove has 270 seconds left.\n|c|\u2606youngelove|\u314b\n|c|\u2606youngelove|\uc5b4\ub51c\n|\n|t:|1683802230\n|switch|p2a: Gourgeist|Gourgeist-Large, L84, F|214/263\n|-item|p1a: Sandslash|Leftovers|[from] ability: Frisk|[of] p2a: Gourgeist|[identify]\n|move|p1a: Sandslash|Earthquake|p2a: Gourgeist\n|-resisted|p2a: Gourgeist\n|-damage|p2a: Gourgeist|172/263\n|\n|-heal|p2a: Gourgeist|188/263|[from] item: Leftovers\n|-heal|p1a: Sandslash|135/269|[from] item: Leftovers\n|upkeep\n|turn|12\n|inactive|youngelove has 270 seconds left.\n|\n|t:|1683802246\n|move|p2a: Gourgeist|Synthesis|p2a: Gourgeist\n|-heal|p2a: Gourgeist|263/263\n|move|p1a: Sandslash|Stone Edge|p2a: Gourgeist|[miss]\n|-miss|p1a: Sandslash|p2a: Gourgeist\n|\n|-heal|p1a: Sandslash|151/269|[from] item: Leftovers\n|upkeep\n|turn|13\n|\n|t:|1683802256\n|move|p2a: Gourgeist|Will-O-Wisp|p1a: Sandslash\n|-status|p1a: Sandslash|brn\n|move|p1a: Sandslash|Stone Edge|p2a: Gourgeist\n|-damage|p2a: Gourgeist|233/263\n|\n|-heal|p2a: Gourgeist|249/263|[from] item: Leftovers\n|-heal|p1a: Sandslash|167/269 brn|[from] item: Leftovers\n|-damage|p1a: Sandslash|151/269 brn|[from] brn\n|upkeep\n|turn|14\n|inactive|youngelove has 270 seconds left.\n|\n|t:|1683802273\n|move|p2a: Gourgeist|Poltergeist|p1a: Sandslash\n|-activate|p1a: Sandslash|move: Poltergeist|Leftovers\n|-damage|p1a: Sandslash|55/269 brn\n|move|p1a: Sandslash|Swords Dance|p1a: Sandslash\n|-boost|p1a: Sandslash|atk|2\n|\n|-heal|p2a: Gourgeist|263/263|[from] item: Leftovers\n|-heal|p1a: Sandslash|71/269 brn|[from] item: Leftovers\n|-damage|p1a: Sandslash|55/269 brn|[from] brn\n|upkeep\n|turn|15\n|inactive|youngelove has 270 seconds left.\n|\n|t:|1683802285\n|move|p2a: Gourgeist|Poltergeist|p1a: Sandslash\n|-activate|p1a: Sandslash|move: Poltergeist|Leftovers\n|-damage|p1a: Sandslash|0 fnt\n|faint|p1a: Sandslash\n|\n|upkeep\n|\n|t:|1683802299\n|switch|p1a: Rillaboom|Rillaboom, L78, M|95/284\n|-damage|p1a: Rillaboom|60/284|[from] Spikes\n|-fieldstart|move: Grassy Terrain|[from] ability: Grassy Surge|[of] p1a: Rillaboom\n|turn|16\n|\n|t:|1683802308\n|move|p1a: Rillaboom|Knock Off|p2a: Gourgeist\n|-supereffective|p2a: Gourgeist\n|-damage|p2a: Gourgeist|99/263\n|-enditem|p2a: Gourgeist|Leftovers|[from] move: Knock Off|[of] p1a: Rillaboom\n|move|p2a: Gourgeist|Will-O-Wisp|p1a: Rillaboom\n|-status|p1a: Rillaboom|brn\n|\n|-heal|p1a: Rillaboom|77/284 brn|[from] Grassy Terrain\n|-heal|p2a: Gourgeist|115/263|[from] Grassy Terrain\n|-damage|p1a: Rillaboom|60/284 brn|[from] brn\n|upkeep\n|turn|17\n|-message|ZXD_9876 forfeited.\n|\n|win|youngelove\n|l|\u2606ZXD_9876\n", "inputlog": ">version bce759c5f189753f4322d11c9e5aa78bbe1b1bf9\n>start {\"formatid\":\"gen8randombattle\",\"seed\":[19540,25563,32657,64521]}\n>player p1 {\"name\":\"ZXD_9876\",\"avatar\":\"101\",\"rating\":0,\"seed\":[2747,39588,28623,14948]}\n>player p2 {\"name\":\"youngelove\",\"avatar\":\"102\",\"rating\":0,\"seed\":[10770,35912,64525,41112]}\n>p1 switch 6\n>p2 move poltergeist\n>p1 move uturn\n>p2 move willowisp\n>p1 switch 3\n>p1 move mysticalfire\n>p2 switch 5\n>p1 switch 3\n>p2 move diamondstorm\n>chat \u2606ZXD_9876|\ud3ec\ucf13\ubaac\uc774\n>chat \u2606ZXD_9876|\ub178\ub2f5\uc778\ub370\n>p1 move uturn\n>p2 switch 2\n>p1 switch 5\n>chat \u2606youngelove|\ub098\ub3c4\ub780\ub2e4\n>p1 move calmmind\n>p2 move spikes\n>p1 move psychic\n>p2 move gunkshot\n>p1 move psychic\n>p2 move painsplit\n>p2 switch 3\n>p1 move psychic\n>p2 move poltergeist\n>p1 switch 2\n>p1 move rapidspin\n>p2 move poltergeist\n>chat \u2606youngelove|\u314b\n>chat \u2606youngelove|\uc5b4\ub51c\n>p1 move earthquake\n>p2 switch 5\n>p1 move stoneedge\n>p2 move synthesis\n>p1 move stoneedge\n>p2 move willowisp\n>p1 move swordsdance\n>p2 move poltergeist\n>p1 move stoneedge\n>p2 move poltergeist\n>p1 switch 5\n>p1 move knockoff\n>p2 move willowisp\n>forcelose p1", "uploadtime": 1683802520, "views": 4, "p1id": "zxd9876", "p2id": "youngelove", "formatid": "gen8randombattle", "rating": 0, "private": 0, "password": ""}