|j|☆woopre
|j|☆relevartemit
|t:|1685403288
|gametype|singles
|player|p1|woopre|cynthia-anime2|
|player|p2|relevartemit|scientist-gen4|
|teamsize|p1|6
|teamsize|p2|6
|gen|8
|tier|[Gen 8] Random Battle
|rule|Species Clause: Limit one of each Pokémon
|rule|HP Percentage Mod: HP is shown in percentages
|rule|Sleep Clause Mod: Limit one foe put to sleep
|
|t:|1685403288
|start
|switch|p1a: Altaria|Altaria, L90, M|281/281
|switch|p2a: Rhydon|Rhydon, L87, F|324/324
|turn|1
|
|t:|1685403309
|switch|p1a: Urshifu|Urshifu-Rapid-Strike, L78, M|284/284
|move|p2a: Rhydon|Stealth Rock|p1a: Urshifu
|-sidestart|p1: woopre|move: Stealth Rock
|
|upkeep
|turn|2
|j| Mandibuladel5555
|
|t:|1685403331
|switch|p2a: Orbeetle|Orbeetle, L86, F|243/243
|-item|p1a: Urshifu|Leftovers|[from] ability: Frisk|[of] p2a: Orbeetle|[identify]
|move|p1a: Urshifu|Substitute|p1a: Urshifu
|-start|p1a: Urshifu|Substitute
|-damage|p1a: Urshifu|213/284
|
|-heal|p1a: Urshifu|230/284|[from] item: Leftovers
|upkeep
|turn|3
|
|t:|1685403339
|move|p2a: Orbeetle|Psychic|p1a: Urshifu
|-supereffective|p1a: Urshifu
|-end|p1a: Urshifu|Substitute
|move|p1a: Urshifu|Surging Strikes|p2a: Orbeetle
|-crit|p2a: Orbeetle
|-damage|p2a: Orbeetle|203/243
|-crit|p2a: Orbeetle
|-damage|p2a: Orbeetle|166/243
|-crit|p2a: Orbeetle
|-damage|p2a: Orbeetle|126/243
|-hitcount|p2a: Orbeetle|3
|
|-heal|p1a: Urshifu|247/284|[from] item: Leftovers
|upkeep
|turn|4
|
|t:|1685403344
|switch|p1a: Mesprit|Mesprit, L84|272/272
|-damage|p1a: Mesprit|238/272|[from] Stealth Rock
|move|p2a: Orbeetle|Psychic|p1a: Mesprit
|-resisted|p1a: Mesprit
|-damage|p1a: Mesprit|202/272
|
|-heal|p1a: Mesprit|219/272|[from] item: Leftovers
|upkeep
|turn|5
|
|t:|1685403351
|switch|p1a: Altaria|Altaria, L90, M|281/281
|move|p2a: Orbeetle|Bug Buzz|p1a: Altaria
|-resisted|p1a: Altaria
|-damage|p1a: Altaria|243/281
|
|upkeep
|turn|6
|
|t:|1685403377
|move|p2a: Orbeetle|Recover|p2a: Orbeetle
|-heal|p2a: Orbeetle|243/243
|move|p1a: Altaria|Fire Blast|p2a: Orbeetle
|-supereffective|p2a: Orbeetle
|-damage|p2a: Orbeetle|131/243
|
|upkeep
|turn|7
|
|t:|1685403382
|move|p2a: Orbeetle|Calm Mind|p2a: Orbeetle
|-boost|p2a: Orbeetle|spa|1
|-boost|p2a: Orbeetle|spd|1
|move|p1a: Altaria|Toxic|p2a: Orbeetle
|-status|p2a: Orbeetle|tox
|
|-damage|p2a: Orbeetle|116/243 tox|[from] psn
|upkeep
|turn|8
|
|t:|1685403410
|switch|p2a: Barbaracle|Barbaracle, L80, M|246/246
|move|p1a: Altaria|Fire Blast|p2a: Barbaracle
|-resisted|p2a: Barbaracle
|-damage|p2a: Barbaracle|227/246
|
|upkeep
|turn|9
|
|t:|1685403436
|move|p1a: Altaria|Toxic|p2a: Barbaracle
|-status|p2a: Barbaracle|tox
|move|p2a: Barbaracle|Shell Smash|p2a: Barbaracle
|-unboost|p2a: Barbaracle|def|1
|-unboost|p2a: Barbaracle|spd|1
|-boost|p2a: Barbaracle|atk|2
|-boost|p2a: Barbaracle|spa|2
|-boost|p2a: Barbaracle|spe|2
|-enditem|p2a: Barbaracle|White Herb
|-clearnegativeboost|p2a: Barbaracle|[silent]
|
|-damage|p2a: Barbaracle|212/246 tox|[from] psn
|upkeep
|turn|10
|
|t:|1685403441
|move|p2a: Barbaracle|Stone Edge|p1a: Altaria|[miss]
|-miss|p2a: Barbaracle|p1a: Altaria
|move|p1a: Altaria|Draco Meteor|p2a: Barbaracle
|-damage|p2a: Barbaracle|88/246 tox
|-unboost|p1a: Altaria|spa|2
|
|-damage|p2a: Barbaracle|58/246 tox|[from] psn
|upkeep
|turn|11
|c|☆woopre|oof
|
|t:|1685403447
|move|p2a: Barbaracle|Stone Edge|p1a: Altaria
|-supereffective|p1a: Altaria
|-crit|p1a: Altaria
|-damage|p1a: Altaria|0 fnt
|faint|p1a: Altaria
|
|-damage|p2a: Barbaracle|13/246 tox|[from] psn
|upkeep
|
|t:|1685403451
|switch|p1a: Azumarill|Azumarill, L84, F|305/305
|-damage|p1a: Azumarill|267/305|[from] Stealth Rock
|turn|12
|
|t:|1685403469
|move|p1a: Azumarill|Aqua Jet|p2a: Barbaracle
|-damage|p2a: Barbaracle|0 fnt
|faint|p2a: Barbaracle
|
|upkeep
|
|t:|1685403487
|switch|p2a: Gothitelle|Gothitelle, L86, F|261/261
|turn|13
|
|t:|1685403510
|-start|p1a: Azumarill|Dynamax|
|-heal|p1a: Azumarill|534/610|[silent]
|move|p2a: Gothitelle|Thunderbolt|p1a: Azumarill
|-supereffective|p1a: Azumarill
|-damage|p1a: Azumarill|402/610
|-status|p1a: Azumarill|par
|move|p1a: Azumarill|Max Geyser|p2a: Gothitelle
|-damage|p2a: Gothitelle|107/261
|-weather|RainDance
|
|-weather|RainDance|[upkeep]
|-heal|p2a: Gothitelle|123/261|[from] item: Leftovers
|upkeep
|turn|14
|
|t:|1685403521
|move|p2a: Gothitelle|Thunderbolt|p1a: Azumarill
|-supereffective|p1a: Azumarill
|-damage|p1a: Azumarill|258/610 par
|move|p1a: Azumarill|Max Geyser|p2a: Gothitelle
|-damage|p2a: Gothitelle|0 fnt
|faint|p2a: Gothitelle
|
|-weather|RainDance|[upkeep]
|upkeep
|
|t:|1685403535
|switch|p2a: Regieleki|Regieleki, L78|253/253
|turn|15
|
|t:|1685403540
|move|p2a: Regieleki|Thunderbolt|p1a: Azumarill
|-supereffective|p1a: Azumarill
|-damage|p1a: Azumarill|0 fnt
|faint|p1a: Azumarill
|
|-weather|RainDance|[upkeep]
|upkeep
|
|t:|1685403548
|switch|p1a: Mr. Rime|Mr. Rime, L86, F|278/278
|turn|16
|
|t:|1685403556
|move|p2a: Regieleki|Volt Switch|p1a: Mr. Rime
|-damage|p1a: Mr. Rime|169/278
|
|t:|1685403561
|switch|p2a: Orbeetle|Orbeetle, L86, F|116/243 tox|[from] Volt Switch
|-item|p1a: Mr. Rime|Heavy-Duty Boots|[from] ability: Frisk|[of] p2a: Orbeetle|[identify]
|move|p1a: Mr. Rime|Freeze-Dry|p2a: Orbeetle
|-damage|p2a: Orbeetle|47/243 tox
|
|-weather|RainDance|[upkeep]
|-damage|p2a: Orbeetle|32/243 tox|[from] psn
|upkeep
|turn|17
|
|t:|1685403571
|move|p2a: Orbeetle|Recover|p2a: Orbeetle
|-heal|p2a: Orbeetle|154/243 tox
|move|p1a: Mr. Rime|Rapid Spin|p2a: Orbeetle
|-damage|p2a: Orbeetle|128/243 tox
|-boost|p1a: Mr. Rime|spe|1
|-sideend|p1: woopre|Stealth Rock|[from] move: Rapid Spin|[of] p1a: Mr. Rime
|
|-weather|none
|-damage|p2a: Orbeetle|98/243 tox|[from] psn
|upkeep
|turn|18
|
|t:|1685403577
|move|p1a: Mr. Rime|Freeze-Dry|p2a: Orbeetle
|-damage|p2a: Orbeetle|29/243 tox
|move|p2a: Orbeetle|Bug Buzz|p1a: Mr. Rime
|-supereffective|p1a: Mr. Rime
|-damage|p1a: Mr. Rime|25/278
|
|-damage|p2a: Orbeetle|0 fnt|[from] psn
|faint|p2a: Orbeetle
|upkeep
|
|t:|1685403582
|switch|p2a: Regieleki|Regieleki, L78|253/253
|turn|19
|
|t:|1685403585
|move|p2a: Regieleki|Thunderbolt|p1a: Mr. Rime
|-damage|p1a: Mr. Rime|0 fnt
|faint|p1a: Mr. Rime
|
|upkeep
|
|t:|1685403588
|switch|p1a: Diancie|Diancie, L82|216/216
|turn|20
|
|t:|1685403597
|move|p2a: Regieleki|Volt Switch|p1a: Diancie
|-damage|p1a: Diancie|129/216
|
|t:|1685403600
|switch|p2a: Rhydon|Rhydon, L87, F|324/324|[from] Volt Switch
|move|p1a: Diancie|Moonblast|p2a: Rhydon
|-damage|p2a: Rhydon|233/324
|
|-heal|p1a: Diancie|142/216|[from] item: Leftovers
|upkeep
|turn|21
|
|t:|1685403610
|move|p1a: Diancie|Moonblast|p2a: Rhydon
|-damage|p2a: Rhydon|140/324
|move|p2a: Rhydon|Stone Edge|p1a: Diancie|[miss]
|-miss|p2a: Rhydon|p1a: Diancie
|
|-heal|p1a: Diancie|155/216|[from] item: Leftovers
|upkeep
|turn|22
|
|t:|1685403616
|switch|p1a: Mesprit|Mesprit, L84|219/272
|move|p2a: Rhydon|Earthquake|p1a: Mesprit
|-immune|p1a: Mesprit|[from] ability: Levitate
|
|-heal|p1a: Mesprit|236/272|[from] item: Leftovers
|upkeep
|turn|23
|
|t:|1685403626
|move|p1a: Mesprit|Psychic|p2a: Rhydon
|-damage|p2a: Rhydon|35/324
|move|p2a: Rhydon|Megahorn|p1a: Mesprit
|-supereffective|p1a: Mesprit
|-damage|p1a: Mesprit|52/272
|
|-heal|p1a: Mesprit|69/272|[from] item: Leftovers
|upkeep
|turn|24
|
|t:|1685403632
|move|p1a: Mesprit|Stealth Rock|p2a: Rhydon
|-sidestart|p2: relevartemit|move: Stealth Rock
|move|p2a: Rhydon|Megahorn|p1a: Mesprit
|-supereffective|p1a: Mesprit
|-crit|p1a: Mesprit
|-damage|p1a: Mesprit|0 fnt
|faint|p1a: Mesprit
|
|upkeep
|
|t:|1685403634
|switch|p1a: Urshifu|Urshifu-Rapid-Strike, L78, M|247/284
|turn|25
|
|t:|1685403639
|move|p1a: Urshifu|Bulk Up|p1a: Urshifu
|-boost|p1a: Urshifu|atk|1
|-boost|p1a: Urshifu|def|1
|move|p2a: Rhydon|Earthquake|p1a: Urshifu
|-damage|p1a: Urshifu|153/284
|
|-heal|p1a: Urshifu|170/284|[from] item: Leftovers
|upkeep
|turn|26
|
|t:|1685403649
|move|p1a: Urshifu|Bulk Up|p1a: Urshifu
|-boost|p1a: Urshifu|atk|1
|-boost|p1a: Urshifu|def|1
|move|p2a: Rhydon|Earthquake|p1a: Urshifu
|-damage|p1a: Urshifu|95/284
|
|-heal|p1a: Urshifu|112/284|[from] item: Leftovers
|upkeep
|turn|27
|
|t:|1685403653
|move|p1a: Urshifu|Bulk Up|p1a: Urshifu
|-boost|p1a: Urshifu|atk|1
|-boost|p1a: Urshifu|def|1
|move|p2a: Rhydon|Earthquake|p1a: Urshifu
|-damage|p1a: Urshifu|52/284
|
|-heal|p1a: Urshifu|69/284|[from] item: Leftovers
|upkeep
|turn|28
|
|t:|1685403661
|move|p1a: Urshifu|Drain Punch|p2a: Rhydon
|-supereffective|p2a: Rhydon
|-damage|p2a: Rhydon|0 fnt
|-heal|p1a: Urshifu|87/284|[from] drain|[of] p2a: Rhydon
|faint|p2a: Rhydon
|
|-heal|p1a: Urshifu|104/284|[from] item: Leftovers
|upkeep
|
|t:|1685403664
|switch|p2a: Regieleki|Regieleki, L78|253/253
|-damage|p2a: Regieleki|222/253|[from] Stealth Rock
|turn|29
|
|t:|1685403668
|move|p2a: Regieleki|Thunderbolt|p1a: Urshifu
|-supereffective|p1a: Urshifu
|-damage|p1a: Urshifu|0 fnt
|faint|p1a: Urshifu
|
|upkeep
|
|t:|1685403670
|switch|p1a: Diancie|Diancie, L82|155/216
|turn|30
|
|t:|1685403676
|-start|p2a: Regieleki|Dynamax|
|-heal|p2a: Regieleki|444/506|[silent]
|move|p2a: Regieleki|Max Lightning|p1a: Diancie
|-crit|p1a: Diancie
|-damage|p1a: Diancie|0 fnt
|-fieldstart|move: Electric Terrain
|faint|p1a: Diancie
|
|win|relevartemit
|c|☆relevartemit|gg
|c|☆woopre|gg fuck i gotta go :/
|l|☆woopre
|c|☆relevartemit|we can do game 3 on Friday or whenever
|l|☆relevartemit
|j|☆woopre
|player|p1|woopre|cynthia-anime2
|l|☆woopre
|player|p1|
|j|☆woopre
|player|p1|woopre|cynthia-anime2
