|j|☆Belzubub
|j|☆brofrfr
|t:|1685134214
|gametype|singles
|player|p1|Belzubub|byron|
|player|p2|brofrfr|n|
|teamsize|p1|6
|teamsize|p2|6
|gen|8
|tier|[Gen 8] Random Battle
|rule|Species Clause: Limit one of each Pokémon
|rule|HP Percentage Mod: HP is shown in percentages
|rule|Sleep Clause Mod: Limit one foe put to sleep
|
|t:|1685134214
|start
|switch|p1a: Rotom|Rotom-Frost, L84|221/221
|switch|p2a: Umbreon|Umbreon, L82, M|290/290
|turn|1
|inactive|Battle timer is ON: inactive players will automatically lose when time's up. (requested by Belzubub)
|inactive|brofrfr also wants the timer to be on.
|
|t:|1685134226
|move|p1a: Rotom|Will-O-Wisp|p2a: Umbreon
|-status|p2a: Umbreon|brn
|-activate|p2a: Umbreon|ability: Synchronize
|-status|p1a: Rotom|brn
|move|p2a: Umbreon|Toxic||[still]
|-fail|p2a: Umbreon
|
|-damage|p1a: Rotom|208/221 brn|[from] brn
|-damage|p2a: Umbreon|272/290 brn|[from] brn
|upkeep
|turn|2
|
|t:|1685134238
|move|p1a: Rotom|Blizzard|p2a: Umbreon|[miss]
|-miss|p1a: Rotom|p2a: Umbreon
|move|p2a: Umbreon|Wish|p2a: Umbreon
|
|-heal|p2a: Umbreon|290/290 brn|[from] item: Leftovers
|-damage|p1a: Rotom|195/221 brn|[from] brn
|-damage|p2a: Umbreon|272/290 brn|[from] brn
|upkeep
|turn|3
|
|t:|1685134244
|move|p1a: Rotom|Blizzard|p2a: Umbreon
|-damage|p2a: Umbreon|181/290 brn
|move|p2a: Umbreon|Foul Play|p1a: Rotom
|-damage|p1a: Rotom|174/221 brn
|
|-heal|p2a: Umbreon|290/290 brn|[from] move: Wish|[wisher] Umbreon
|-damage|p1a: Rotom|161/221 brn|[from] brn
|-damage|p2a: Umbreon|272/290 brn|[from] brn
|upkeep
|turn|4
|
|t:|1685134249
|move|p1a: Rotom|Thunderbolt|p2a: Umbreon
|-damage|p2a: Umbreon|199/290 brn
|move|p2a: Umbreon|Foul Play|p1a: Rotom
|-damage|p1a: Rotom|137/221 brn
|
|-heal|p2a: Umbreon|217/290 brn|[from] item: Leftovers
|-damage|p1a: Rotom|124/221 brn|[from] brn
|-damage|p2a: Umbreon|199/290 brn|[from] brn
|upkeep
|turn|5
|
|t:|1685134253
|move|p1a: Rotom|Thunderbolt|p2a: Umbreon
|-damage|p2a: Umbreon|120/290 brn
|move|p2a: Umbreon|Foul Play|p1a: Rotom
|-damage|p1a: Rotom|102/221 brn
|
|-heal|p2a: Umbreon|138/290 brn|[from] item: Leftovers
|-damage|p1a: Rotom|89/221 brn|[from] brn
|-damage|p2a: Umbreon|120/290 brn|[from] brn
|upkeep
|turn|6
|
|t:|1685134262
|move|p1a: Rotom|Thunderbolt|p2a: Umbreon
|-crit|p2a: Umbreon
|-damage|p2a: Umbreon|5/290 brn
|move|p2a: Umbreon|Wish|p2a: Umbreon
|
|-heal|p2a: Umbreon|23/290 brn|[from] item: Leftovers
|-damage|p1a: Rotom|76/221 brn|[from] brn
|-damage|p2a: Umbreon|5/290 brn|[from] brn
|upkeep
|turn|7
|
|t:|1685134267
|move|p2a: Umbreon|Protect|p2a: Umbreon
|-singleturn|p2a: Umbreon|Protect
|move|p1a: Rotom|Thunderbolt|p2a: Umbreon
|-activate|p2a: Umbreon|move: Protect
|
|-heal|p2a: Umbreon|150/290 brn|[from] move: Wish|[wisher] Umbreon
|-heal|p2a: Umbreon|168/290 brn|[from] item: Leftovers
|-damage|p1a: Rotom|63/221 brn|[from] brn
|-damage|p2a: Umbreon|150/290 brn|[from] brn
|upkeep
|turn|8
|
|t:|1685134275
|move|p1a: Rotom|Volt Switch|p2a: Umbreon
|-damage|p2a: Umbreon|90/290 brn
|
|t:|1685134279
|switch|p1a: Tapu Fini|Tapu Fini, L78|237/237|[from] Volt Switch
|-fieldstart|move: Misty Terrain|[from] ability: Misty Surge|[of] p1a: Tapu Fini
|move|p2a: Umbreon|Wish|p2a: Umbreon
|
|-heal|p2a: Umbreon|108/290 brn|[from] item: Leftovers
|-damage|p2a: Umbreon|90/290 brn|[from] brn
|upkeep
|turn|9
|
|t:|1685134288
|move|p2a: Umbreon|Protect|p2a: Umbreon
|-singleturn|p2a: Umbreon|Protect
|move|p1a: Tapu Fini|Taunt|p2a: Umbreon
|-activate|p2a: Umbreon|move: Protect
|
|-heal|p2a: Umbreon|235/290 brn|[from] move: Wish|[wisher] Umbreon
|-heal|p2a: Umbreon|253/290 brn|[from] item: Leftovers
|-damage|p2a: Umbreon|235/290 brn|[from] brn
|upkeep
|turn|10
|
|t:|1685134298
|move|p1a: Tapu Fini|Taunt|p2a: Umbreon
|-start|p2a: Umbreon|move: Taunt
|move|p2a: Umbreon|Foul Play|p1a: Tapu Fini
|-resisted|p1a: Tapu Fini
|-damage|p1a: Tapu Fini|224/237
|
|-heal|p1a: Tapu Fini|237/237|[from] item: Leftovers
|-heal|p2a: Umbreon|253/290 brn|[from] item: Leftovers
|-damage|p2a: Umbreon|235/290 brn|[from] brn
|upkeep
|turn|11
|
|t:|1685134311
|move|p1a: Tapu Fini|Moonblast|p2a: Umbreon
|-supereffective|p2a: Umbreon
|-damage|p2a: Umbreon|109/290 brn
|move|p2a: Umbreon|Foul Play|p1a: Tapu Fini
|-resisted|p1a: Tapu Fini
|-damage|p1a: Tapu Fini|225/237
|
|-heal|p1a: Tapu Fini|237/237|[from] item: Leftovers
|-heal|p2a: Umbreon|127/290 brn|[from] item: Leftovers
|-damage|p2a: Umbreon|109/290 brn|[from] brn
|upkeep
|turn|12
|
|t:|1685134315
|move|p1a: Tapu Fini|Moonblast|p2a: Umbreon
|-supereffective|p2a: Umbreon
|-damage|p2a: Umbreon|0 fnt
|faint|p2a: Umbreon
|
|-fieldend|Misty Terrain
|upkeep
|
|t:|1685134322
|switch|p2a: Nihilego|Nihilego, L79|302/302
|turn|13
|
|t:|1685134331
|switch|p1a: Rotom|Rotom-Frost, L84|63/221 brn
|move|p2a: Nihilego|Toxic Spikes|p1a: Rotom
|-sidestart|p1: Belzubub|move: Toxic Spikes
|
|-damage|p1a: Rotom|50/221 brn|[from] brn
|upkeep
|turn|14
|
|t:|1685134343
|move|p2a: Nihilego|Toxic Spikes|p1a: Rotom
|-sidestart|p1: Belzubub|move: Toxic Spikes
|move|p1a: Rotom|Blizzard|p2a: Nihilego
|-damage|p2a: Nihilego|208/302
|
|-heal|p2a: Nihilego|226/302|[from] item: Black Sludge
|-damage|p1a: Rotom|37/221 brn|[from] brn
|upkeep
|turn|15
|
|t:|1685134354
|move|p2a: Nihilego|Power Gem|p1a: Rotom
|-supereffective|p1a: Rotom
|-damage|p1a: Rotom|0 fnt
|faint|p1a: Rotom
|-ability|p2a: Nihilego|Beast Boost|boost
|-boost|p2a: Nihilego|spa|1
|
|-heal|p2a: Nihilego|244/302|[from] item: Black Sludge
|upkeep
|
|t:|1685134371
|switch|p1a: Xatu|Xatu, L89, F|259/259
|turn|16
|
|t:|1685134380
|move|p1a: Xatu|Thunder Wave|p2a: Nihilego|[miss]
|-miss|p1a: Xatu|p2a: Nihilego
|move|p2a: Nihilego|Thunderbolt|p1a: Xatu
|-supereffective|p1a: Xatu
|-damage|p1a: Xatu|41/259
|
|-heal|p1a: Xatu|57/259|[from] item: Leftovers
|-heal|p2a: Nihilego|262/302|[from] item: Black Sludge
|upkeep
|turn|17
|
|t:|1685134384
|move|p1a: Xatu|Psychic|p2a: Nihilego
|-supereffective|p2a: Nihilego
|-damage|p2a: Nihilego|82/302
|move|p2a: Nihilego|Thunderbolt|p1a: Xatu
|-supereffective|p1a: Xatu
|-damage|p1a: Xatu|0 fnt
|faint|p1a: Xatu
|-ability|p2a: Nihilego|Beast Boost|boost
|-boost|p2a: Nihilego|spa|1
|
|-heal|p2a: Nihilego|100/302|[from] item: Black Sludge
|upkeep
|
|t:|1685134395
|switch|p1a: Dunsparce|Dunsparce, L90, F|326/326
|-status|p1a: Dunsparce|tox
|turn|18
|
|t:|1685134400
|move|p2a: Nihilego|Thunderbolt|p1a: Dunsparce
|-damage|p1a: Dunsparce|157/326 tox
|move|p1a: Dunsparce|Coil|p1a: Dunsparce
|-boost|p1a: Dunsparce|atk|1
|-boost|p1a: Dunsparce|def|1
|-boost|p1a: Dunsparce|accuracy|1
|
|-heal|p2a: Nihilego|118/302|[from] item: Black Sludge
|-heal|p1a: Dunsparce|177/326 tox|[from] item: Leftovers
|-damage|p1a: Dunsparce|157/326 tox|[from] psn
|upkeep
|turn|19
|
|t:|1685134409
|move|p2a: Nihilego|Thunderbolt|p1a: Dunsparce
|-damage|p1a: Dunsparce|0 fnt
|faint|p1a: Dunsparce
|-ability|p2a: Nihilego|Beast Boost|boost
|-boost|p2a: Nihilego|spa|1
|
|-heal|p2a: Nihilego|136/302|[from] item: Black Sludge
|upkeep
|
|t:|1685134418
|switch|p1a: Lurantis|Lurantis, L86, M|261/261
|-status|p1a: Lurantis|tox
|turn|20
|
|t:|1685134428
|-start|p1a: Lurantis|Dynamax|
|-heal|p1a: Lurantis|522/522 tox|[silent]
|move|p2a: Nihilego|Sludge Wave|p1a: Lurantis
|-supereffective|p1a: Lurantis
|-damage|p1a: Lurantis|0 fnt
|faint|p1a: Lurantis
|-ability|p2a: Nihilego|Beast Boost|boost
|-boost|p2a: Nihilego|spa|1
|
|-heal|p2a: Nihilego|154/302|[from] item: Black Sludge
|upkeep
|
|t:|1685134436
|switch|p1a: Ninjask|Ninjask, L86, M|245/245
|turn|21
|
|t:|1685134445
|move|p1a: Ninjask|Swords Dance|p1a: Ninjask
|-boost|p1a: Ninjask|atk|2
|move|p2a: Nihilego|Sludge Wave|p1a: Ninjask
|-damage|p1a: Ninjask|0 fnt
|faint|p1a: Ninjask
|-ability|p2a: Nihilego|Beast Boost|boost
|-boost|p2a: Nihilego|spa|1
|
|-heal|p2a: Nihilego|172/302|[from] item: Black Sludge
|upkeep
|
|t:|1685134449
|switch|p1a: Tapu Fini|Tapu Fini, L78|237/237
|-status|p1a: Tapu Fini|tox
|-fieldstart|move: Misty Terrain|[from] ability: Misty Surge|[of] p1a: Tapu Fini
|turn|22
|-message|Belzubub forfeited.
|
|win|brofrfr
|l|☆Belzubub
