{"id": "gen8randombattle-1872167291", "p1": "Specialonejm", "p2": "yosongok1", "format": "[Gen 8] Random Battle", "log": "|j|\u2606Specialonejm\n|j|\u2606yosongok1\n|t:|1685191323\n|gametype|singles\n|player|p1|Specialonejm|169|\n|player|p2|yosongok1|2|\n|teamsize|p1|6\n|teamsize|p2|6\n|gen|8\n|tier|[Gen 8] Random Battle\n|rule|Species Clause: Limit one of each Pok\u00e9mon\n|rule|HP Percentage Mod: HP is shown in percentages\n|rule|Sleep Clause Mod: Limit one foe put to sleep\n|\n|t:|1685191323\n|start\n|switch|p1a: Tapu Fini|Tapu Fini, L78|237/237\n|switch|p2a: Lilligant|Lilligant, L84, F|255/255\n|-fieldstart|move: Misty Terrain|[from] ability: Misty Surge|[of] p1a: Tapu Fini\n|turn|1\n|\n|t:|1685191338\n|switch|p1a: Yveltal|Yveltal, L69|287/287\n|-ability|p1a: Yveltal|Dark Aura\n|move|p2a: Lilligant|Quiver Dance|p2a: Lilligant\n|-boost|p2a: Lilligant|spa|1\n|-boost|p2a: Lilligant|spd|1\n|-boost|p2a: Lilligant|spe|1\n|\n|upkeep\n|turn|2\n|\n|t:|1685191351\n|move|p2a: Lilligant|Sleep Powder|p1a: Yveltal|[miss]\n|-miss|p2a: Lilligant|p1a: Yveltal\n|move|p1a: Yveltal|Oblivion Wing|p2a: Lilligant\n|-supereffective|p2a: Lilligant\n|-damage|p2a: Lilligant|145/255\n|\n|-heal|p2a: Lilligant|160/255|[from] item: Leftovers\n|upkeep\n|turn|3\n|inactive|Battle timer is ON: inactive players will automatically lose when time's up. (requested by yosongok1)\n|\n|t:|1685191372\n|move|p2a: Lilligant|Sleep Powder|p1a: Yveltal\n|-status|p1a: Yveltal|slp|[from] move: Sleep Powder\n|cant|p1a: Yveltal|slp\n|\n|-heal|p2a: Lilligant|175/255|[from] item: Leftovers\n|upkeep\n|turn|4\n|\n|t:|1685191381\n|move|p2a: Lilligant|Quiver Dance|p2a: Lilligant\n|-boost|p2a: Lilligant|spa|1\n|-boost|p2a: Lilligant|spd|1\n|-boost|p2a: Lilligant|spe|1\n|cant|p1a: Yveltal|slp\n|\n|-heal|p2a: Lilligant|190/255|[from] item: Leftovers\n|upkeep\n|turn|5\n|\n|t:|1685191390\n|move|p2a: Lilligant|Quiver Dance|p2a: Lilligant\n|-boost|p2a: Lilligant|spa|1\n|-boost|p2a: Lilligant|spd|1\n|-boost|p2a: Lilligant|spe|1\n|cant|p1a: Yveltal|slp\n|\n|-heal|p2a: Lilligant|205/255|[from] item: Leftovers\n|-fieldend|Misty Terrain\n|upkeep\n|turn|6\n|\n|t:|1685191403\n|move|p2a: Lilligant|Giga Drain|p1a: Yveltal\n|-resisted|p1a: Yveltal\n|-damage|p1a: Yveltal|208/287 slp\n|-heal|p2a: Lilligant|245/255|[from] drain|[of] p1a: Yveltal\n|-curestatus|p1a: Yveltal|slp|[msg]\n|move|p1a: Yveltal|Heat Wave|p2a: Lilligant\n|-supereffective|p2a: Lilligant\n|-damage|p2a: Lilligant|193/255\n|\n|-heal|p2a: Lilligant|208/255|[from] item: Leftovers\n|upkeep\n|turn|7\n|\n|t:|1685191414\n|move|p2a: Lilligant|Giga Drain|p1a: Yveltal\n|-resisted|p1a: Yveltal\n|-damage|p1a: Yveltal|122/287\n|-heal|p2a: Lilligant|251/255|[from] drain|[of] p1a: Yveltal\n|move|p1a: Yveltal|Oblivion Wing|p2a: Lilligant\n|-supereffective|p2a: Lilligant\n|-damage|p2a: Lilligant|179/255\n|-heal|p1a: Yveltal|176/287|[from] drain|[of] p2a: Lilligant\n|\n|-heal|p2a: Lilligant|194/255|[from] item: Leftovers\n|upkeep\n|turn|8\n|\n|t:|1685191440\n|move|p2a: Lilligant|Pollen Puff|p1a: Yveltal\n|-damage|p1a: Yveltal|41/287\n|move|p1a: Yveltal|Oblivion Wing|p2a: Lilligant\n|-supereffective|p2a: Lilligant\n|-damage|p2a: Lilligant|128/255\n|-heal|p1a: Yveltal|91/287|[from] drain|[of] p2a: Lilligant\n|\n|-heal|p2a: Lilligant|143/255|[from] item: Leftovers\n|upkeep\n|turn|9\n|\n|t:|1685191453\n|switch|p1a: Zarude|Zarude, L78|292/292\n|move|p2a: Lilligant|Giga Drain|p1a: Zarude\n|-resisted|p1a: Zarude\n|-damage|p1a: Zarude|187/292\n|-heal|p2a: Lilligant|196/255|[from] drain|[of] p1a: Zarude\n|\n|-heal|p2a: Lilligant|211/255|[from] item: Leftovers\n|-heal|p1a: Zarude|205/292|[from] item: Leftovers\n|upkeep\n|turn|10\n|\n|t:|1685191469\n|move|p2a: Lilligant|Pollen Puff|p1a: Zarude\n|-supereffective|p1a: Zarude\n|-damage|p1a: Zarude|0 fnt\n|faint|p1a: Zarude\n|\n|-heal|p2a: Lilligant|226/255|[from] item: Leftovers\n|upkeep\n|inactive|Specialonejm has 270 seconds left.\n|\n|t:|1685191486\n|switch|p1a: Slurpuff|Slurpuff, L80, M|262/262\n|turn|11\n|inactive|Specialonejm has 270 seconds left.\n|\n|t:|1685191496\n|move|p2a: Lilligant|Giga Drain|p1a: Slurpuff\n|-damage|p1a: Slurpuff|9/262\n|-heal|p2a: Lilligant|255/255|[from] drain|[of] p1a: Slurpuff\n|-enditem|p1a: Slurpuff|Sitrus Berry|[eat]\n|-heal|p1a: Slurpuff|74/262|[from] item: Sitrus Berry\n|move|p1a: Slurpuff|Drain Punch|p2a: Lilligant\n|-damage|p2a: Lilligant|209/255\n|-heal|p1a: Slurpuff|97/262|[from] drain|[of] p2a: Lilligant\n|\n|-heal|p2a: Lilligant|224/255|[from] item: Leftovers\n|upkeep\n|turn|12\n|inactive|Specialonejm has 270 seconds left.\n|\n|t:|1685191510\n|switch|p1a: Yveltal|Yveltal, L69|91/287\n|-ability|p1a: Yveltal|Dark Aura\n|move|p2a: Lilligant|Quiver Dance|p2a: Lilligant\n|-boost|p2a: Lilligant|spa|1\n|-boost|p2a: Lilligant|spd|1\n|-boost|p2a: Lilligant|spe|1\n|\n|-heal|p2a: Lilligant|239/255|[from] item: Leftovers\n|upkeep\n|turn|13\n|inactive|Specialonejm has 270 seconds left.\n|\n|t:|1685191522\n|move|p2a: Lilligant|Quiver Dance|p2a: Lilligant\n|-boost|p2a: Lilligant|spa|1\n|-boost|p2a: Lilligant|spd|1\n|-boost|p2a: Lilligant|spe|1\n|move|p1a: Yveltal|Oblivion Wing|p2a: Lilligant\n|-supereffective|p2a: Lilligant\n|-damage|p2a: Lilligant|189/255\n|-heal|p1a: Yveltal|129/287|[from] drain|[of] p2a: Lilligant\n|\n|-heal|p2a: Lilligant|204/255|[from] item: Leftovers\n|upkeep\n|turn|14\n|inactive|Specialonejm has 270 seconds left.\n|\n|t:|1685191535\n|move|p2a: Lilligant|Pollen Puff|p1a: Yveltal\n|-damage|p1a: Yveltal|0 fnt\n|faint|p1a: Yveltal\n|\n|-heal|p2a: Lilligant|219/255|[from] item: Leftovers\n|upkeep\n|inactive|Specialonejm has 270 seconds left.\n|\n|t:|1685191545\n|switch|p1a: Drampa|Drampa, L86, F|274/274\n|turn|15\n|inactive|Specialonejm has 270 seconds left.\n|\n|t:|1685191555\n|move|p2a: Lilligant|Pollen Puff|p1a: Drampa\n|-damage|p1a: Drampa|41/274\n|-ability|p1a: Drampa|Berserk|boost\n|-boost|p1a: Drampa|spa|1\n|move|p1a: Drampa|Draco Meteor|p2a: Lilligant\n|-damage|p2a: Lilligant|135/255\n|-unboost|p1a: Drampa|spa|2\n|\n|-heal|p2a: Lilligant|150/255|[from] item: Leftovers\n|-heal|p1a: Drampa|58/274|[from] item: Leftovers\n|upkeep\n|turn|16\n|inactive|Specialonejm has 270 seconds left.\n|\n|t:|1685191578\n|move|p2a: Lilligant|Giga Drain|p1a: Drampa\n|-resisted|p1a: Drampa\n|-crit|p1a: Drampa\n|-damage|p1a: Drampa|0 fnt\n|-heal|p2a: Lilligant|179/255|[from] drain|[of] p1a: Drampa\n|faint|p1a: Drampa\n|\n|-heal|p2a: Lilligant|194/255|[from] item: Leftovers\n|upkeep\n|\n|t:|1685191590\n|switch|p1a: Blastoise|Blastoise, L82, F|264/264\n|turn|17\n|\n|t:|1685191594\n|move|p2a: Lilligant|Giga Drain|p1a: Blastoise\n|-supereffective|p1a: Blastoise\n|-damage|p1a: Blastoise|0 fnt\n|-heal|p2a: Lilligant|255/255|[from] drain|[of] p1a: Blastoise\n|faint|p1a: Blastoise\n|\n|upkeep\n|\n|t:|1685191601\n|switch|p1a: Tapu Fini|Tapu Fini, L78|237/237\n|-fieldstart|move: Misty Terrain|[from] ability: Misty Surge|[of] p1a: Tapu Fini\n|turn|18\n|inactive|Specialonejm has 270 seconds left.\n|\n|t:|1685191607\n|-start|p2a: Lilligant|Dynamax|\n|-heal|p2a: Lilligant|510/510|[silent]\n|move|p2a: Lilligant|Max Overgrowth|p1a: Tapu Fini\n|-supereffective|p1a: Tapu Fini\n|-damage|p1a: Tapu Fini|0 fnt\n|-fieldstart|move: Grassy Terrain\n|faint|p1a: Tapu Fini\n|\n|upkeep\n|inactive|Specialonejm has 270 seconds left.\n|\n|t:|1685191617\n|switch|p1a: Slurpuff|Slurpuff, L80, M|97/262\n|turn|19\n|inactive|Specialonejm has 270 seconds left.\n|\n|t:|1685191634\n|-start|p1a: Slurpuff|Dynamax|\n|-heal|p1a: Slurpuff|194/524|[silent]\n|move|p2a: Lilligant|Max Overgrowth|p1a: Slurpuff\n|-damage|p1a: Slurpuff|0 fnt\n|faint|p1a: Slurpuff\n|\n|win|yosongok1\n|l|\u2606Specialonejm\n", "inputlog": ">version d74822bbc74c095aa312053f7034baee3068d99e\n>start {\"formatid\":\"gen8randombattle\",\"seed\":[11987,41563,27608,19582]}\n>player p1 {\"name\":\"Specialonejm\",\"avatar\":\"169\",\"rating\":0,\"seed\":[63428,57629,63013,37313]}\n>player p2 {\"name\":\"yosongok1\",\"avatar\":\"2\",\"rating\":0,\"seed\":[39467,18780,6197,19326]}\n>p1 switch 5\n>p2 move quiverdance\n>p1 move oblivionwing\n>p2 move sleeppowder\n>p1 move oblivionwing\n>p2 move sleeppowder\n>p1 move heatwave\n>p2 move quiverdance\n>p1 move heatwave\n>p2 move quiverdance\n>p1 move heatwave\n>p2 move gigadrain\n>p1 move oblivionwing\n>p2 move gigadrain\n>p1 move oblivionwing\n>p2 move pollenpuff\n>p1 switch 6\n>p2 move gigadrain\n>p1 move darkestlariat\n>p2 move pollenpuff\n>p1 switch 4\n>p1 move drainpunch\n>p2 move gigadrain\n>p1 switch 6\n>p2 move quiverdance\n>p1 move oblivionwing\n>p2 move quiverdance\n>p1 move oblivionwing\n>p2 move pollenpuff\n>p1 switch 3\n>p1 move dracometeor\n>p2 move pollenpuff\n>p1 move roost\n>p2 move gigadrain\n>p1 switch 2\n>p1 move icebeam\n>p2 move gigadrain\n>p1 switch 5\n>p1 move moonblast\n>p2 move gigadrain dynamax\n>p1 switch 6\n>p1 move playrough dynamax\n>p2 move gigadrain dynamax", "uploadtime": 1685191654, "views": 3, "p1id": "specialonejm", "p2id": "yosongok1", "formatid": "gen8randombattle", "rating": 0, "private": 0, "password": ""}