|j|☆Habib_SSJ2
|j|☆Aadi256
|t:|1685544164
|gametype|singles
|player|p1|Habib_SSJ2|gambler|
|player|p2|Aadi256|shadowtriad|
|teamsize|p1|6
|teamsize|p2|6
|gen|8
|tier|[Gen 8] Random Battle
|rule|Species Clause: Limit one of each Pokémon
|rule|HP Percentage Mod: HP is shown in percentages
|rule|Sleep Clause Mod: Limit one foe put to sleep
|
|t:|1685544164
|start
|switch|p1a: Coalossal|Coalossal, L87, M|333/333
|switch|p2a: Raikou|Raikou, L80|275/275
|-ability|p2a: Raikou|Pressure
|turn|1
|
|t:|1685544203
|move|p2a: Raikou|Volt Switch|p1a: Coalossal
|-damage|p1a: Coalossal|218/333
|inactive|Battle timer is ON: inactive players will automatically lose when time's up. (requested by Habib_SSJ2)
|c|☆Habib_SSJ2|to be clear
|c|☆Habib_SSJ2|this timer aint going off
|
|t:|1685544227
|switch|p2a: Vespiquen|Vespiquen, L96, F|290/290|[from] Volt Switch
|-ability|p2a: Vespiquen|Pressure
|move|p1a: Coalossal|Will-O-Wisp|p2a: Vespiquen
|-status|p2a: Vespiquen|brn
|
|-damage|p2a: Vespiquen|272/290 brn|[from] brn
|upkeep
|turn|2
|c|☆Aadi256|bruh
|
|t:|1685544243
|move|p2a: Vespiquen|Toxic|p1a: Coalossal
|-status|p1a: Coalossal|tox
|move|p1a: Coalossal|Overheat|p2a: Vespiquen
|-supereffective|p2a: Vespiquen
|-damage|p2a: Vespiquen|90/290 brn
|-unboost|p1a: Coalossal|spa|2
|
|-damage|p1a: Coalossal|198/333 tox|[from] psn
|-damage|p2a: Vespiquen|72/290 brn|[from] brn
|upkeep
|turn|3
|
|t:|1685544254
|switch|p2a: Raikou|Raikou, L80|275/275
|-ability|p2a: Raikou|Pressure
|move|p1a: Coalossal|Stealth Rock|p2a: Raikou
|-sidestart|p2: Aadi256|move: Stealth Rock
|
|-damage|p1a: Coalossal|158/333 tox|[from] psn
|upkeep
|turn|4
|
|t:|1685544269
|move|p2a: Raikou|Scald|p1a: Coalossal
|-supereffective|p1a: Coalossal
|-damage|p1a: Coalossal|0 fnt
|faint|p1a: Coalossal
|
|upkeep
|c|☆Aadi256|i shld hv done that in the beginning
|c|☆Aadi256|ii thought u would switch out or smthn
|
|t:|1685544293
|switch|p1a: Carbink|Carbink, L86|226/226
|turn|5
|
|t:|1685544301
|move|p2a: Raikou|Scald|p1a: Carbink
|-supereffective|p1a: Carbink
|-damage|p1a: Carbink|116/226
|-status|p1a: Carbink|brn
|move|p1a: Carbink|Light Screen|p1a: Carbink
|-sidestart|p1: Habib_SSJ2|move: Light Screen
|
|-damage|p1a: Carbink|102/226 brn|[from] brn
|upkeep
|turn|6
|
|t:|1685544313
|move|p2a: Raikou|Scald|p1a: Carbink
|-supereffective|p1a: Carbink
|-damage|p1a: Carbink|48/226 brn
|move|p1a: Carbink|Reflect|p1a: Carbink
|-sidestart|p1: Habib_SSJ2|Reflect
|
|-damage|p1a: Carbink|34/226 brn|[from] brn
|upkeep
|turn|7
|inactive|Habib_SSJ2 has 270 seconds left.
|
|t:|1685544340
|move|p2a: Raikou|Scald|p1a: Carbink
|-supereffective|p1a: Carbink
|-damage|p1a: Carbink|0 fnt
|faint|p1a: Carbink
|
|upkeep
|inactive|Habib_SSJ2 has 270 seconds left.
|
|t:|1685544348
|switch|p1a: Mawile|Mawile, L86, M|226/226
|-ability|p1a: Mawile|Intimidate|boost
|-unboost|p2a: Raikou|atk|1
|turn|8
|inactive|Habib_SSJ2 has 270 seconds left.
|inactive|Aadi256 has 270 seconds left.
|
|t:|1685544384
|move|p2a: Raikou|Scald|p1a: Mawile
|-damage|p1a: Mawile|165/226
|move|p1a: Mawile|Play Rough|p2a: Raikou
|-damage|p2a: Raikou|133/275
|-damage|p1a: Mawile|143/226|[from] item: Life Orb
|
|upkeep
|turn|9
|inactive|Aadi256 has 270 seconds left.
|
|t:|1685544396
|move|p2a: Raikou|Scald|p1a: Mawile
|-damage|p1a: Mawile|87/226
|move|p1a: Mawile|Swords Dance|p1a: Mawile
|-boost|p1a: Mawile|atk|2
|
|upkeep
|turn|10
|inactive|Habib_SSJ2 has 240 seconds left.
|
|t:|1685544417
|-start|p1a: Mawile|Dynamax|
|-heal|p1a: Mawile|174/452|[silent]
|move|p2a: Raikou|Scald|p1a: Mawile
|-damage|p1a: Mawile|113/452
|move|p1a: Mawile|Max Steelspike|p2a: Raikou
|-resisted|p2a: Raikou
|-damage|p2a: Raikou|0 fnt
|-boost|p1a: Mawile|def|1
|faint|p2a: Raikou
|-damage|p1a: Mawile|91/452|[from] item: Life Orb
|
|upkeep
|inactive|Aadi256 has 270 seconds left.
|j| Akshajm1234
|inactive|Aadi256 has 240 seconds left.
|
|t:|1685544464
|switch|p2a: Weavile|Weavile, L79, M|239/239
|-damage|p2a: Weavile|180/239|[from] Stealth Rock
|turn|11
|c|☆Habib_SSJ2|sup akshaj
|inactive|Aadi256 has 240 seconds left.
|c|☆Habib_SSJ2|i played this kinda poorly i will not lie
|inactive|Aadi256 has 210 seconds left.
|
|t:|1685544507
|move|p2a: Weavile|Triple Axel|p1a: Mawile
|-resisted|p1a: Mawile
|-damage|p1a: Mawile|85/452
|-resisted|p1a: Mawile
|-damage|p1a: Mawile|73/452
|-resisted|p1a: Mawile
|-damage|p1a: Mawile|57/452
|-hitcount|p1a: Mawile|3
|move|p1a: Mawile|Max Steelspike|p2a: Weavile
|-supereffective|p2a: Weavile
|-damage|p2a: Weavile|0 fnt
|-boost|p1a: Mawile|def|1
|faint|p2a: Weavile
|-damage|p1a: Mawile|35/452|[from] item: Life Orb
|
|upkeep
|c|☆Aadi256|bruh
|
|t:|1685544527
|switch|p2a: Vespiquen|Vespiquen, L96, F|72/290 brn
|-ability|p2a: Vespiquen|Pressure
|turn|12
|c| Akshajm1234|Hello
|c|☆Habib_SSJ2|heavy duty boots?
|c|☆Habib_SSJ2|rip
|c| Akshajm1234|Also 3 scalds and no burn :(
|inactive|Habib_SSJ2 has 240 seconds left.
|c| Akshajm1234|Unlucky
|
|t:|1685544551
|move|p1a: Mawile|Max Starfall|p2a: Vespiquen
|-damage|p2a: Vespiquen|0 fnt
|-fieldstart|move: Misty Terrain
|faint|p2a: Vespiquen
|-damage|p1a: Mawile|13/452|[from] item: Life Orb
|
|-sideend|p1: Habib_SSJ2|move: Light Screen
|upkeep
|inactive|Aadi256 has 180 seconds left.
|
|t:|1685544567
|switch|p2a: Corviknight|Corviknight, L78, F|281/281
|-damage|p2a: Corviknight|246/281|[from] Stealth Rock
|-end|p1a: Mawile|Dynamax
|-heal|p1a: Mawile|7/226|[silent]
|turn|13
|inactive|Aadi256 has 180 seconds left.
|c|☆Habib_SSJ2|watch akshaj blame everything on luck :>
|c| Akshajm1234|Have you seen your luck recently?
|
|t:|1685544587
|move|p1a: Mawile|Sucker Punch|p2a: Corviknight
|-damage|p2a: Corviknight|138/281
|-damage|p1a: Mawile|0 fnt|[from] item: Life Orb
|faint|p1a: Mawile
|move|p2a: Corviknight|Body Press|p1: Mawile|[notarget]
|-fail|p2a: Corviknight
|
|-heal|p2a: Corviknight|155/281|[from] item: Leftovers
|-sideend|p1: Habib_SSJ2|Reflect
|upkeep
|c| Akshajm1234|Not even joking its better than abis
|inactive|Habib_SSJ2 has 240 seconds left.
|c| Akshajm1234|Aaditya got a pretty good team this time tho
|c|☆Aadi256|ye
|
|t:|1685544622
|switch|p1a: Meowstic|Meowstic-F, L86, F|268/268
|turn|14
|inactive|Aadi256 has 180 seconds left.
|c|☆Aadi256|but i usually throw
|c| Akshajm1234|Why do you have 2 set up sweepers
|inactive|Aadi256 has 150 seconds left.
|c|☆Habib_SSJ2|how am i the one with luck but hes the one with raikou
|c|☆Habib_SSJ2|huh
|c|☆Habib_SSJ2|and weavile and corviknight
|
|t:|1685544666
|move|p1a: Meowstic|Thunderbolt|p2a: Corviknight
|-supereffective|p2a: Corviknight
|-damage|p2a: Corviknight|0 fnt
|faint|p2a: Corviknight
|
|upkeep
|c| Akshajm1234|My guy you had a set up sweeper and mawile swords dance
|
|t:|1685544678
|switch|p2a: Hitmonlee|Hitmonlee, L84, M|221/221
|-damage|p2a: Hitmonlee|208/221|[from] Stealth Rock
|turn|15
|c| Akshajm1234|Its sad you havent won already
|c|☆Aadi256|.data unburden
|c|☆Habib_SSJ2|the mawile was fucked
|inactive|Habib_SSJ2 has 210 seconds left.
|c|☆Habib_SSJ2|only reason he did anything was cuz aaditya used triple axel on a steel type lmao
|inactive|Aadi256 has 120 seconds left.
|c| Akshajm1234|lol
|c|☆Aadi256|i had nothin
|
|t:|1685544729
|switch|p1a: Kingdra|Kingdra, L82, M|257/257
|-start|p2a: Hitmonlee|Dynamax|
|-heal|p2a: Hitmonlee|416/442|[silent]
|move|p2a: Hitmonlee|Max Knuckle|p1a: Kingdra
|-damage|p1a: Kingdra|136/257
|-boost|p2a: Hitmonlee|atk|1
|
|upkeep
|turn|16
|inactive|Aadi256 has 90 seconds left.
|c| Akshajm1234|Im just waiting for someone to forget misty terrain is active and throw
|
|t:|1685544765
|move|p2a: Hitmonlee|Max Knuckle|p1a: Kingdra
|-crit|p1a: Kingdra
|-damage|p1a: Kingdra|0 fnt
|-boost|p2a: Hitmonlee|atk|1
|faint|p1a: Kingdra
|
|-fieldend|Misty Terrain
|upkeep
|c|☆Aadi256|less goo
|c|☆Habib_SSJ2|a crit
|c|☆Habib_SSJ2|really
|c|☆Aadi256|crit
|c| Akshajm1234|The crit was not needed
|c| Akshajm1234|lol
|inactive|Habib_SSJ2 has 180 seconds left.
|c|☆Aadi256|no it was
|c| Akshajm1234|No it wasnt
|c| Akshajm1234|stoopid
|c|☆Aadi256|or else i would hv done 47
|c| Akshajm1234|you had 1.5 atk after
|c|☆Aadi256|he would hv survvived
|c|☆Aadi256|oh yea
|c|☆Aadi256|tru
|
|t:|1685544804
|switch|p1a: Meowstic|Meowstic-F, L86, F|268/268
|turn|17
|inactive|Aadi256 has 60 seconds left.
|
|t:|1685544852
|move|p1a: Meowstic|Psychic|p2a: Hitmonlee
|-supereffective|p2a: Hitmonlee
|-damage|p2a: Hitmonlee|198/442
|-unboost|p2a: Hitmonlee|spd|1
|-enditem|p2a: Hitmonlee|White Herb
|-clearnegativeboost|p2a: Hitmonlee|[silent]
|move|p2a: Hitmonlee|Max Rockfall|p1a: Meowstic
|-damage|p1a: Meowstic|14/268
|-weather|Sandstorm
|
|-weather|Sandstorm|[upkeep]
|-damage|p2a: Hitmonlee|185/442|[from] Sandstorm
|-damage|p1a: Meowstic|0 fnt|[from] Sandstorm
|faint|p1a: Meowstic
|upkeep
|c|☆Habib_SSJ2|;-;
|c|☆Aadi256|eyyy
|inactive|Habib_SSJ2 has 150 seconds left.
|c|☆Habib_SSJ2|im so fucked here
|c|☆Aadi256|dude play
|c| Akshajm1234|Nah your last guy can clutch :>
|
|t:|1685544887
|switch|p1a: Blastoise|Blastoise, L82, M|264/264
|-end|p2a: Hitmonlee|Dynamax
|-heal|p2a: Hitmonlee|93/221|[silent]
|turn|18
|c|☆Aadi256|tru
|c| Akshajm1234|Trsut
|c| Akshajm1234|Trust*
|c|☆Aadi256|oh less goo
|c|☆Aadi256|ur dead
|c| Akshajm1234|He actually can clutch
|c| Akshajm1234|low chance
|inactive|Habib_SSJ2 has 120 seconds left.
|inactive|Aadi256 has 30 seconds left.
|c| Akshajm1234|You better pray you live thru the shell msash
|
|t:|1685544932
|switch|p2a: Cradily|Cradily, L86, M|288/288
|-damage|p2a: Cradily|252/288|[from] Stealth Rock
|move|p1a: Blastoise|Earthquake|p2a: Cradily
|-damage|p2a: Cradily|193/288
|
|-weather|Sandstorm|[upkeep]
|-damage|p1a: Blastoise|248/264|[from] Sandstorm
|-heal|p2a: Cradily|211/288|[from] item: Leftovers
|upkeep
|turn|19
|inactive|Aadi256 has 30 seconds left.
|c| Akshajm1234|That was way too risky
|c| Akshajm1234|._.
|inactive|Aadi256 has 20 seconds left.
|inactive|Habib_SSJ2 has 90 seconds left.
|c| Akshajm1234|Also youre 4x weak to ice
|c| Akshajm1234|so idk what youre doing here
|
|t:|1685544961
|move|p1a: Blastoise|Ice Beam|p2a: Cradily
|-supereffective|p2a: Cradily
|-damage|p2a: Cradily|143/288
|move|p2a: Cradily|Toxic|p1a: Blastoise
|-status|p1a: Blastoise|tox
|
|-weather|Sandstorm|[upkeep]
|-damage|p1a: Blastoise|232/264 tox|[from] Sandstorm
|-heal|p2a: Cradily|161/288|[from] item: Leftovers
|-damage|p1a: Blastoise|216/264 tox|[from] psn
|upkeep
|turn|20
|inactive|Aadi256 has 30 seconds left this turn.
|c| Akshajm1234|AYO WTF
|c|☆Habib_SSJ2|he isnt 4x weak
|inactive|Habib_SSJ2 has 90 seconds left.
|c|☆Aadi256|relax
|inactive|Aadi256 has 20 seconds left.
|c|☆Habib_SSJ2|rock is good against ice
|c| Akshajm1234|huh why not
|c| Akshajm1234|WHAT
|inactive|Aadi256 has 15 seconds left.
|c| Akshajm1234|SINCE WHEN
|c| Akshajm1234|????
|c|☆Habib_SSJ2|just use logic
|c|☆Habib_SSJ2|what breaks first
|c|☆Habib_SSJ2|ice cube or rock
|c|☆Habib_SSJ2|this is a big risk
|inactive|Habib_SSJ2 has 60 seconds left.
|
|t:|1685544996
|move|p1a: Blastoise|Shell Smash|p1a: Blastoise
|-unboost|p1a: Blastoise|def|1
|-unboost|p1a: Blastoise|spd|1
|-boost|p1a: Blastoise|atk|2
|-boost|p1a: Blastoise|spa|2
|-boost|p1a: Blastoise|spe|2
|-enditem|p1a: Blastoise|White Herb
|-clearnegativeboost|p1a: Blastoise|[silent]
|move|p2a: Cradily|Stone Edge|p1a: Blastoise
|-damage|p1a: Blastoise|126/264 tox
|
|-weather|Sandstorm|[upkeep]
|-damage|p1a: Blastoise|110/264 tox|[from] Sandstorm
|-heal|p2a: Cradily|179/288|[from] item: Leftovers
|-damage|p1a: Blastoise|78/264 tox|[from] psn
|upkeep
|turn|21
|inactive|Aadi256 has 25 seconds left this turn.
|c| Akshajm1234|my guy machine is stronger than fairies
|c| Akshajm1234|logic is out the window
|inactive|Aadi256 has 20 seconds left.
|inactive|Habib_SSJ2 has 60 seconds left.
|inactive|Aadi256 has 15 seconds left.
|inactive|Aadi256 has 10 seconds left.
|inactive|Aadi256 has 5 seconds left.
|c| Akshajm1234|Damn rock is good against ice
|inactiveoff|Battle timer is now OFF.
|c| Akshajm1234|Wth
|c| Akshajm1234|I never knew that
|c| Akshajm1234|Also aaditya what you thinking about
|c|☆Aadi256|tbh its common sense
|c| Akshajm1234|Just kill him
|c|☆Aadi256|ik
|
|t:|1685545053
|move|p1a: Blastoise|Ice Beam|p2a: Cradily
|-supereffective|p2a: Cradily
|-damage|p2a: Cradily|53/288
|move|p2a: Cradily|Stone Edge|p1a: Blastoise
|-damage|p1a: Blastoise|0 fnt
|faint|p1a: Blastoise
|
|win|Aadi256
|c|☆Aadi256|sadge
|c|☆Habib_SSJ2|so sa
|c|☆Habib_SSJ2|gg
|c|☆Aadi256|tbh
|c| Akshajm1234|gg
|c|☆Aadi256|the reason i switched
|c| Akshajm1234|Save the replay
|c| Akshajm1234|update the score
|c|☆Aadi256|cuz i had storm drain
|c|☆Habib_SSJ2|i shoulda used shell smash earlier
|c|☆Aadi256|and i thought u would use water
|c|☆Aadi256|ye
|c| Akshajm1234|yeah but hes not gonna use water
|c|☆Habib_SSJ2|but there was no reason for you to switch hitmonlee
|c|☆Habib_SSJ2|you lost your 2x attack
|c| Akshajm1234|when his only chance is shell smahs
|c| Akshajm1234|if it was earlier than maybe
|c|☆Aadi256|ye i was stupid ig
|c|☆Habib_SSJ2|i didnt use shell smash cuz he had 2x attack
|c|☆Habib_SSJ2|so it was better to get rid of that first
|c| Akshajm1234|Well it worked out
|c|☆Habib_SSJ2|luck
|c| Akshajm1234|Cope
|c|☆Habib_SSJ2|rematch aaditya :>
|c|☆Aadi256|save the replay
|c|☆Aadi256|ye
|c|☆Habib_SSJ2|u send the replay
|c|☆Habib_SSJ2|u won
|c|☆Aadi256|and update score
|c| Akshajm1234|yk you can also save the replay
