{"id": "gen8randombattle-1872942229", "p1": "Mathy", "p2": "Faultson\u203d", "format": "[Gen 8] Random Battle", "log": "|j|\u2606Mathy\n|j|\u2606Faultson\u203d\n|t:|1685303571\n|gametype|singles\n|player|p1|Mathy|#psstaffm|\n|player|p2|Faultson\u203d|#ptpl3medicham|\n|teamsize|p1|6\n|teamsize|p2|6\n|gen|8\n|tier|[Gen 8] Random Battle\n|rule|Species Clause: Limit one of each Pok\u00e9mon\n|rule|HP Percentage Mod: HP is shown in percentages\n|rule|Sleep Clause Mod: Limit one foe put to sleep\n|\n|t:|1685303571\n|start\n|switch|p1a: Skuntank|Skuntank, L85, F|314/314\n|switch|p2a: Mantine|Mantine, L86, M|286/286\n|turn|1\n|c|\u2606Faultson\u203d|hf\n|c|\u2606Mathy|hr\n|c|\u2606Mathy|hf\n|\n|t:|1685303598\n|switch|p2a: Shuckle|Shuckle, L87, F|177/177\n|move|p1a: Skuntank|Toxic|p2a: Shuckle\n|-status|p2a: Shuckle|tox\n|\n|-damage|p2a: Shuckle|166/177 tox|[from] psn\n|upkeep\n|turn|2\n|\n|t:|1685303636\n|switch|p1a: Rillaboom|Rillaboom, L78, F|284/284\n|-fieldstart|move: Grassy Terrain|[from] ability: Grassy Surge|[of] p1a: Rillaboom\n|move|p2a: Shuckle|Sticky Web|p1a: Rillaboom\n|-sidestart|p1: Mathy|move: Sticky Web\n|\n|-heal|p2a: Shuckle|177/177 tox|[from] Grassy Terrain\n|-damage|p2a: Shuckle|155/177 tox|[from] psn\n|upkeep\n|turn|3\n|\n|t:|1685303649\n|move|p1a: Rillaboom|Swords Dance|p1a: Rillaboom\n|-boost|p1a: Rillaboom|atk|2\n|move|p2a: Shuckle|Toxic|p1a: Rillaboom\n|-status|p1a: Rillaboom|tox\n|\n|-heal|p2a: Shuckle|166/177 tox|[from] Grassy Terrain\n|-damage|p1a: Rillaboom|267/284 tox|[from] psn\n|-damage|p2a: Shuckle|133/177 tox|[from] psn\n|upkeep\n|turn|4\n|\n|t:|1685303678\n|move|p1a: Rillaboom|Swords Dance|p1a: Rillaboom\n|-boost|p1a: Rillaboom|atk|2\n|move|p2a: Shuckle|Stealth Rock|p1a: Rillaboom\n|-sidestart|p1: Mathy|move: Stealth Rock\n|\n|-heal|p1a: Rillaboom|284/284 tox|[from] Grassy Terrain\n|-heal|p2a: Shuckle|144/177 tox|[from] Grassy Terrain\n|-damage|p1a: Rillaboom|250/284 tox|[from] psn\n|-damage|p2a: Shuckle|100/177 tox|[from] psn\n|upkeep\n|turn|5\n|\n|t:|1685303704\n|move|p1a: Rillaboom|Grassy Glide|p2a: Shuckle\n|-damage|p2a: Shuckle|0 fnt\n|faint|p2a: Shuckle\n|-damage|p1a: Rillaboom|222/284 tox|[from] item: Life Orb\n|\n|-heal|p1a: Rillaboom|239/284 tox|[from] Grassy Terrain\n|-damage|p1a: Rillaboom|188/284 tox|[from] psn\n|upkeep\n|\n|t:|1685303717\n|switch|p2a: Mantine|Mantine, L86, M|286/286\n|turn|6\n|\n|t:|1685303742\n|move|p1a: Rillaboom|Grassy Glide|p2a: Mantine\n|-damage|p2a: Mantine|0 fnt\n|faint|p2a: Mantine\n|-damage|p1a: Rillaboom|160/284 tox|[from] item: Life Orb\n|\n|-heal|p1a: Rillaboom|177/284 tox|[from] Grassy Terrain\n|-damage|p1a: Rillaboom|109/284 tox|[from] psn\n|-fieldend|move: Grassy Terrain\n|upkeep\n|\n|t:|1685303752\n|switch|p2a: Nihilego|Nihilego, L79|302/302\n|turn|7\n|\n|t:|1685303804\n|switch|p1a: Klefki|Klefki, L82, M|228/228\n|-activate|p1a: Klefki|move: Sticky Web\n|-unboost|p1a: Klefki|spe|1\n|-damage|p1a: Klefki|214/228|[from] Stealth Rock\n|move|p2a: Nihilego|Power Gem|p1a: Klefki\n|-resisted|p1a: Klefki\n|-damage|p1a: Klefki|147/228\n|\n|-heal|p1a: Klefki|161/228|[from] item: Leftovers\n|upkeep\n|turn|8\n|\n|t:|1685303813\n|switch|p2a: Lucario|Lucario, L82, M|249/249\n|move|p1a: Klefki|Thunder Wave|p2a: Lucario\n|-status|p2a: Lucario|par\n|\n|-heal|p1a: Klefki|175/228|[from] item: Leftovers\n|upkeep\n|turn|9\n|c|\u2606Faultson\u203d|test\n|\n|t:|1685303857\n|move|p1a: Klefki|Play Rough|p2a: Lucario\n|-damage|p2a: Lucario|161/249 par\n|move|p2a: Lucario|Swords Dance|p2a: Lucario\n|-boost|p2a: Lucario|atk|2\n|\n|-heal|p1a: Klefki|189/228|[from] item: Leftovers\n|upkeep\n|turn|10\n|\n|t:|1685303894\n|move|p1a: Klefki|Play Rough|p2a: Lucario\n|-damage|p2a: Lucario|74/249 par\n|move|p2a: Lucario|Meteor Mash|p1a: Klefki\n|-damage|p1a: Klefki|0 fnt\n|faint|p1a: Klefki\n|-damage|p2a: Lucario|50/249 par|[from] item: Life Orb\n|\n|upkeep\n|\n|t:|1685303911\n|switch|p1a: Rillaboom|Rillaboom, L78, F|109/284 tox\n|-activate|p1a: Rillaboom|move: Sticky Web\n|-unboost|p1a: Rillaboom|spe|1\n|-damage|p1a: Rillaboom|74/284 tox|[from] Stealth Rock\n|-fieldstart|move: Grassy Terrain|[from] ability: Grassy Surge|[of] p1a: Rillaboom\n|turn|11\n|\n|t:|1685303923\n|move|p2a: Lucario|Extreme Speed|p1a: Rillaboom\n|-damage|p1a: Rillaboom|0 fnt\n|faint|p1a: Rillaboom\n|-damage|p2a: Lucario|26/249 par|[from] item: Life Orb\n|\n|-heal|p2a: Lucario|41/249 par|[from] Grassy Terrain\n|upkeep\n|\n|t:|1685304017\n|switch|p1a: Kingler|Kingler, L84, M|230/230\n|-activate|p1a: Kingler|move: Sticky Web\n|-unboost|p1a: Kingler|spe|1\n|-damage|p1a: Kingler|202/230|[from] Stealth Rock\n|turn|12\n|\n|t:|1685304027\n|move|p2a: Lucario|Extreme Speed|p1a: Kingler\n|-damage|p1a: Kingler|73/230\n|-damage|p2a: Lucario|17/249 par|[from] item: Life Orb\n|move|p1a: Kingler|Liquidation|p2a: Lucario\n|-damage|p2a: Lucario|0 fnt\n|faint|p2a: Lucario\n|\n|-heal|p1a: Kingler|87/230|[from] Grassy Terrain\n|upkeep\n|\n|t:|1685304031\n|switch|p2a: Nihilego|Nihilego, L79|302/302\n|turn|13\n|\n|t:|1685304045\n|move|p2a: Nihilego|Power Gem|p1a: Kingler\n|-damage|p1a: Kingler|0 fnt\n|faint|p1a: Kingler\n|-ability|p2a: Nihilego|Beast Boost|boost\n|-boost|p2a: Nihilego|spa|1\n|\n|upkeep\n|\n|t:|1685304056\n|switch|p1a: Stunfisk|Stunfisk-Galar, L84, M|320/320\n|-activate|p1a: Stunfisk|move: Sticky Web\n|-unboost|p1a: Stunfisk|spe|1\n|-damage|p1a: Stunfisk|310/320|[from] Stealth Rock\n|-start|p1a: Stunfisk|typechange|Grass|[from] ability: Mimicry\n|turn|14\n|\n|t:|1685304067\n|-start|p1a: Stunfisk|Dynamax|\n|-heal|p1a: Stunfisk|620/640|[silent]\n|move|p2a: Nihilego|Power Gem|p1a: Stunfisk\n|-damage|p1a: Stunfisk|418/640\n|move|p1a: Stunfisk|Max Quake|p2a: Nihilego\n|-supereffective|p2a: Nihilego\n|-damage|p2a: Nihilego|0 fnt\n|-boost|p1a: Stunfisk|spd|1\n|faint|p2a: Nihilego\n|\n|-heal|p1a: Stunfisk|438/640|[from] Grassy Terrain\n|-heal|p1a: Stunfisk|458/640|[from] item: Leftovers\n|upkeep\n|\n|t:|1685304070\n|switch|p2a: Crawdaunt|Crawdaunt, L84, F|243/243\n|turn|15\n|c|\u2606Faultson\u203d|oh shit\n|c|\u2606Faultson\u203d|grass type\n|\n|t:|1685304098\n|move|p2a: Crawdaunt|Knock Off|p1a: Stunfisk\n|-damage|p1a: Stunfisk|260/640\n|-enditem|p1a: Stunfisk|Leftovers|[from] move: Knock Off|[of] p2a: Crawdaunt\n|-damage|p2a: Crawdaunt|219/243|[from] item: Life Orb\n|move|p1a: Stunfisk|Max Quake|p2a: Crawdaunt\n|-crit|p2a: Crawdaunt\n|-damage|p2a: Crawdaunt|86/243\n|-boost|p1a: Stunfisk|spd|1\n|\n|-heal|p2a: Crawdaunt|101/243|[from] Grassy Terrain\n|-heal|p1a: Stunfisk|280/640|[from] Grassy Terrain\n|-fieldend|move: Grassy Terrain\n|-activate|p1a: Stunfisk|ability: Mimicry\n|-end|p1a: Stunfisk|typechange|[silent]\n|upkeep\n|turn|16\n|\n|t:|1685304105\n|move|p2a: Crawdaunt|Crabhammer|p1a: Stunfisk\n|-supereffective|p1a: Stunfisk\n|-damage|p1a: Stunfisk|0 fnt\n|faint|p1a: Stunfisk\n|-damage|p2a: Crawdaunt|77/243|[from] item: Life Orb\n|\n|upkeep\n|\n|t:|1685304140\n|switch|p1a: Moltres|Moltres-Galar, L75|259/259\n|-damage|p1a: Moltres|195/259|[from] Stealth Rock\n|turn|17\n|\n|t:|1685304169\n|move|p2a: Crawdaunt|Aqua Jet|p1a: Moltres\n|-damage|p1a: Moltres|96/259\n|-ability|p1a: Moltres|Berserk|boost\n|-boost|p1a: Moltres|spa|1\n|-damage|p2a: Crawdaunt|53/243|[from] item: Life Orb\n|move|p1a: Moltres|Hurricane|p2a: Crawdaunt\n|-damage|p2a: Crawdaunt|0 fnt\n|faint|p2a: Crawdaunt\n|\n|upkeep\n|\n|t:|1685304172\n|switch|p2a: Tornadus|Tornadus, L80, M|258/258\n|turn|18\n|\n|t:|1685304177\n|-start|p2a: Tornadus|Dynamax|\n|-heal|p2a: Tornadus|516/516|[silent]\n|move|p2a: Tornadus|Max Airstream|p1a: Moltres\n|-damage|p1a: Moltres|0 fnt\n|-boost|p2a: Tornadus|spe|1\n|faint|p1a: Moltres\n|\n|upkeep\n|\n|t:|1685304182\n|switch|p1a: Skuntank|Skuntank, L85, F|314/314\n|-activate|p1a: Skuntank|move: Sticky Web\n|-unboost|p1a: Skuntank|spe|1\n|-damage|p1a: Skuntank|275/314|[from] Stealth Rock\n|turn|19\n|\n|t:|1685304214\n|move|p2a: Tornadus|Max Airstream|p1a: Skuntank\n|-damage|p1a: Skuntank|58/314\n|-boost|p2a: Tornadus|spe|1\n|move|p1a: Skuntank|Toxic|p2a: Tornadus\n|-status|p2a: Tornadus|tox\n|\n|-damage|p2a: Tornadus|500/516 tox|[from] psn\n|upkeep\n|turn|20\n|\n|t:|1685304218\n|move|p1a: Skuntank|Sucker Punch|p2a: Tornadus\n|-damage|p2a: Tornadus|382/516 tox\n|-damage|p1a: Skuntank|27/314|[from] item: Life Orb\n|move|p2a: Tornadus|Max Airstream|p1a: Skuntank\n|-damage|p1a: Skuntank|0 fnt\n|-boost|p2a: Tornadus|spe|1\n|faint|p1a: Skuntank\n|\n|win|Faultson\u203d\n|c|\u2606Mathy|gg1\n|c|\u2606Faultson\u203d|gg\n", "inputlog": ">version d74822bbc74c095aa312053f7034baee3068d99e\n>start {\"formatid\":\"gen8randombattle\",\"seed\":[633,61589,55544,25997]}\n>player p1 {\"name\":\"Mathy\",\"avatar\":\"#psstaffm\",\"rating\":0,\"seed\":[48223,50424,42195,59279]}\n>player p2 {\"name\":\"Faultson\u203d\",\"avatar\":\"#ptpl3medicham\",\"rating\":0,\"seed\":[1858,62033,41290,40302]}\n>chat \u2606Faultson\u203d|hf\n>chat \u2606Mathy|hr\n>chat \u2606Mathy|hf\n>p1 move toxic\n>p2 switch 2\n>p1 switch 6\n>p2 move stickyweb\n>p1 move swordsdance\n>p2 move toxic\n>p1 move swordsdance\n>p2 move stealthrock\n>p1 move grassyglide\n>p2 move knockoff\n>p2 switch 2\n>p1 move grassyglide\n>p2 move hurricane\n>p2 switch 5\n>p1 switch 5\n>p2 move powergem\n>p1 move thunderwave\n>p2 switch 3\n>chat \u2606Faultson\u203d|test\n>p1 move playrough\n>p2 move swordsdance\n>p1 move playrough\n>p2 move meteormash\n>p1 switch 5\n>p1 move grassyglide\n>p2 move extremespeed\n>p1 switch 4\n>p1 move liquidation\n>p2 move extremespeed\n>p2 switch 3\n>p1 move agility\n>p2 move powergem\n>p1 switch 3\n>p1 move earthquake dynamax\n>p2 move powergem\n>p2 switch 6\n>chat \u2606Faultson\u203d|oh shit\n>chat \u2606Faultson\u203d|grass type\n>p1 move earthquake dynamax\n>p2 move knockoff\n>p1 move earthquake dynamax\n>p2 move crabhammer\n>p1 switch 2\n>p1 move hurricane\n>p2 move aquajet\n>p2 switch 4\n>p1 move fierywrath\n>p2 move hurricane dynamax\n>p1 switch 6\n>p1 move toxic\n>p2 move hurricane dynamax\n>p1 move suckerpunch\n>p2 move hurricane dynamax", "uploadtime": 1685304226, "views": 2, "p1id": "mathy", "p2id": "faultson", "formatid": "gen8randombattle", "rating": 0, "private": 0, "password": ""}