|j|☆Batram
|j|☆Sylveon is so cute
|t:|1644419273
|gametype|singles
|player|p1|Batram|170|2390
|player|p2|Sylveon is so cute|dawn-gen4pt|2422
|teamsize|p1|6
|teamsize|p2|6
|gen|8
|tier|[Gen 8] Random Battle
|rated|
|rule|Species Clause: Limit one of each Pokémon
|rule|HP Percentage Mod: HP is shown in percentages
|rule|Sleep Clause Mod: Limit one foe put to sleep
|
|t:|1644419273
|start
|switch|p1a: Golduck|Golduck, L86, M|278/278
|switch|p2a: Pelipper|Pelipper, L86, F|243/243
|-weather|RainDance|[from] ability: Drizzle|[of] p2a: Pelipper
|turn|1
|inactive|Battle timer is ON: inactive players will automatically lose when time's up. (requested by Sylveon is so cute)
|
|t:|1644419283
|move|p1a: Golduck|Calm Mind|p1a: Golduck
|-boost|p1a: Golduck|spa|1
|-boost|p1a: Golduck|spd|1
|move|p2a: Pelipper|Hurricane|p1a: Golduck
|-damage|p1a: Golduck|191/278
|
|-weather|RainDance|[upkeep]
|-heal|p1a: Golduck|208/278|[from] item: Leftovers
|upkeep
|turn|2
|j| KingZuko
|
|t:|1644419289
|-start|p2a: Pelipper|Dynamax
|-heal|p2a: Pelipper|486/486|[silent]
|move|p1a: Golduck|Calm Mind|p1a: Golduck
|-boost|p1a: Golduck|spa|1
|-boost|p1a: Golduck|spd|1
|move|p2a: Pelipper|Max Airstream|p1a: Golduck
|-damage|p1a: Golduck|127/278
|-boost|p2a: Pelipper|spe|1
|
|-weather|RainDance|[upkeep]
|-heal|p1a: Golduck|144/278|[from] item: Leftovers
|upkeep
|turn|3
|j| path less taken
|inactive|Batram has 120 seconds left.
|
|t:|1644419327
|-start|p1a: Golduck|Dynamax
|-heal|p1a: Golduck|288/556|[silent]
|move|p1a: Golduck|Max Hailstorm|p2a: Pelipper
|-damage|p2a: Pelipper|269/486
|-weather|Hail
|move|p2a: Pelipper|Max Airstream|p1a: Golduck
|-damage|p1a: Golduck|203/556
|-boost|p2a: Pelipper|spe|1
|
|-weather|Hail|[upkeep]
|-damage|p2a: Pelipper|254/486|[from] Hail
|-damage|p1a: Golduck|186/556|[from] Hail
|-heal|p1a: Golduck|203/556|[from] item: Leftovers
|upkeep
|turn|4
|inactive|Batram has 120 seconds left.
|
|t:|1644419335
|move|p1a: Golduck|Max Guard|p1a: Golduck
|-singleturn|p1a: Golduck|Max Guard
|move|p2a: Pelipper|Max Airstream|p1a: Golduck
|-activate|p1a: Golduck|move: Max Guard
|
|-weather|Hail|[upkeep]
|-damage|p2a: Pelipper|239/486|[from] Hail
|-damage|p1a: Golduck|186/556|[from] Hail
|-heal|p1a: Golduck|203/556|[from] item: Leftovers
|-end|p2a: Pelipper|Dynamax
|-heal|p2a: Pelipper|120/243|[silent]
|upkeep
|turn|5
|
|t:|1644419342
|move|p2a: Pelipper|Roost|p2a: Pelipper
|-heal|p2a: Pelipper|242/243
|-singleturn|p2a: Pelipper|move: Roost
|move|p1a: Golduck|Max Geyser|p2a: Pelipper
|-resisted|p2a: Pelipper
|-damage|p2a: Pelipper|65/243
|-weather|RainDance
|
|-weather|RainDance|[upkeep]
|-heal|p1a: Golduck|220/556|[from] item: Leftovers
|-end|p1a: Golduck|Dynamax
|-heal|p1a: Golduck|110/278|[silent]
|upkeep
|turn|6
|
|t:|1644419348
|move|p1a: Golduck|Scald|p2a: Pelipper
|-resisted|p2a: Pelipper
|-damage|p2a: Pelipper|0 fnt
|faint|p2a: Pelipper
|
|-weather|RainDance|[upkeep]
|-heal|p1a: Golduck|127/278|[from] item: Leftovers
|upkeep
|
|t:|1644419353
|switch|p2a: Skuntank|Skuntank, L85, F|314/314
|turn|7
|c|☆Batram|Probably not worth
|c|☆Batram|Lol
|
|t:|1644419359
|move|p2a: Skuntank|Sucker Punch|p1a: Golduck
|-damage|p1a: Golduck|42/278
|move|p1a: Golduck|Scald|p2a: Skuntank
|-damage|p2a: Skuntank|0 fnt
|faint|p2a: Skuntank
|
|-weather|RainDance|[upkeep]
|-heal|p1a: Golduck|59/278|[from] item: Leftovers
|upkeep
|
|t:|1644419360
|switch|p2a: Lucario|Lucario, L82, F|249/249
|turn|8
|
|t:|1644419366
|switch|p1a: Golurk|Golurk, L82|280/280
|move|p2a: Lucario|Extreme Speed|p1a: Golurk
|-immune|p1a: Golurk
|
|-weather|RainDance|[upkeep]
|upkeep
|turn|9
|
|t:|1644419373
|switch|p2a: Mudsdale|Mudsdale, L82, F|298/298
|move|p1a: Golurk|Earthquake|p2a: Mudsdale
|-damage|p2a: Mudsdale|138/298
|-ability|p2a: Mudsdale|Stamina|boost
|-boost|p2a: Mudsdale|def|1
|-damage|p1a: Golurk|252/280|[from] item: Life Orb
|
|-weather|none
|-heal|p2a: Mudsdale|156/298|[from] item: Leftovers
|upkeep
|turn|10
|c| KingZuko|well still an advantage
|inactive|Batram has 120 seconds left.
|j| ayayaplop
|
|t:|1644419416
|switch|p1a: Reuniclus|Reuniclus, L84, F|322/322
|move|p2a: Mudsdale|Stealth Rock|p1a: Reuniclus
|-sidestart|p1: Batram|move: Stealth Rock
|
|-heal|p2a: Mudsdale|174/298|[from] item: Leftovers
|upkeep
|turn|11
|
|t:|1644419424
|move|p2a: Mudsdale|Earthquake|p1a: Reuniclus
|-damage|p1a: Reuniclus|184/322
|move|p1a: Reuniclus|Psychic|p2a: Mudsdale
|-damage|p2a: Mudsdale|17/298
|-ability|p2a: Mudsdale|Stamina|boost
|-boost|p2a: Mudsdale|def|1
|
|-heal|p2a: Mudsdale|35/298|[from] item: Leftovers
|upkeep
|turn|12
|
|t:|1644419430
|move|p2a: Mudsdale|Earthquake|p1a: Reuniclus
|-damage|p1a: Reuniclus|36/322
|move|p1a: Reuniclus|Recover|p1a: Reuniclus
|-heal|p1a: Reuniclus|197/322
|
|-heal|p2a: Mudsdale|53/298|[from] item: Leftovers
|upkeep
|turn|13
|
|t:|1644419433
|switch|p2a: Butterfree|Butterfree, L87, F|246/246
|move|p1a: Reuniclus|Recover|p1a: Reuniclus
|-heal|p1a: Reuniclus|322/322
|
|upkeep
|turn|14
|
|t:|1644419440
|switch|p1a: Hatterene|Hatterene, L86, F|238/238
|-damage|p1a: Hatterene|209/238|[from] Stealth Rock
|move|p2a: Butterfree|Sleep Powder|p1a: Hatterene
|move|p1a: Hatterene|Sleep Powder|p2a: Butterfree|[from]ability: Magic Bounce
|-status|p2a: Butterfree|slp|[from] move: Sleep Powder
|
|-heal|p1a: Hatterene|223/238|[from] item: Leftovers
|upkeep
|turn|15
|
|t:|1644419445
|switch|p2a: Mudsdale|Mudsdale, L82, F|53/298
|move|p1a: Hatterene|Mystical Fire|p2a: Mudsdale
|-damage|p2a: Mudsdale|0 fnt
|faint|p2a: Mudsdale
|
|-heal|p1a: Hatterene|237/238|[from] item: Leftovers
|upkeep
|
|t:|1644419447
|switch|p2a: Lucario|Lucario, L82, F|249/249
|turn|16
|
|t:|1644419467
|move|p2a: Lucario|Swords Dance|p2a: Lucario
|-boost|p2a: Lucario|atk|2
|move|p1a: Hatterene|Psychic|p2a: Lucario
|-damage|p2a: Lucario|96/249
|
|-heal|p1a: Hatterene|238/238|[from] item: Leftovers
|upkeep
|turn|17
|
|t:|1644419475
|switch|p1a: Golduck|Golduck, L86, M|59/278
|-damage|p1a: Golduck|25/278|[from] Stealth Rock
|move|p2a: Lucario|Meteor Mash|p1a: Golduck
|-resisted|p1a: Golduck
|-damage|p1a: Golduck|0 fnt
|faint|p1a: Golduck
|-damage|p2a: Lucario|72/249|[from] item: Life Orb
|
|upkeep
|
|t:|1644419477
|switch|p1a: Togedemaru|Togedemaru, L86, F|252/252
|-damage|p1a: Togedemaru|237/252|[from] Stealth Rock
|turn|18
|
|t:|1644419481
|switch|p2a: Steelix|Steelix, L84, F|263/263
|move|p1a: Togedemaru|Zing Zap|p2a: Steelix
|-immune|p2a: Steelix
|
|upkeep
|turn|19
|
|t:|1644419489
|switch|p1a: Golurk|Golurk, L82|252/280
|-damage|p1a: Golurk|235/280|[from] Stealth Rock
|move|p2a: Steelix|Earthquake|p1a: Golurk
|-damage|p1a: Golurk|135/280
|
|upkeep
|turn|20
|inactive|Batram has 120 seconds left.
|
|t:|1644419533
|move|p1a: Golurk|Earthquake|p2a: Steelix
|-supereffective|p2a: Steelix
|-crit|p2a: Steelix
|-damage|p2a: Steelix|6/263
|-damage|p1a: Golurk|107/280|[from] item: Life Orb
|move|p2a: Steelix|Earthquake|p1a: Golurk
|-damage|p1a: Golurk|0 fnt
|faint|p1a: Golurk
|
|-heal|p2a: Steelix|22/263|[from] item: Leftovers
|upkeep
|j| Gontha
|
|t:|1644419547
|switch|p1a: Rayquaza|Rayquaza, L74|277/277
|-ability|p1a: Rayquaza|Air Lock
|turn|21
|c| Gontha|its a party here
|
|t:|1644419552
|switch|p2a: Butterfree|Butterfree, L87, F|246/246 slp
|move|p1a: Rayquaza|Earthquake|p2a: Butterfree
|-immune|p2a: Butterfree
|
|upkeep
|turn|22
|inactive|Batram has 120 seconds left.
|
|t:|1644419557
|switch|p2a: Steelix|Steelix, L84, F|22/263
|move|p1a: Rayquaza|Dragon Dance|p1a: Rayquaza
|-boost|p1a: Rayquaza|atk|1
|-boost|p1a: Rayquaza|spe|1
|
|-heal|p2a: Steelix|38/263|[from] item: Leftovers
|upkeep
|turn|23
|-message|Sylveon is so cute forfeited.
|
|win|Batram
|raw|Batram's rating: 2390 &rarr; <strong>2412</strong><br />(+22 for winning)
|raw|Sylveon is so cute's rating: 2428 &rarr; <strong>2406</strong><br />(-22 for losing)
|l|☆Sylveon is so cute
|c| KingZuko|sheesh
|c| KingZuko|lets go batram
