{"id": "gen8randombattle-1872119932", "p1": "Wait2Seconds", "p2": "SHONE", "format": "[Gen 8] Random Battle", "log": "|j|\u2606Wait2Seconds\n|j|\u2606SHONE\n|t:|1685182718\n|gametype|singles\n|player|p1|Wait2Seconds|#rbtt6teampalkia|\n|player|p2|SHONE|lady-gen4|\n|teamsize|p1|6\n|teamsize|p2|6\n|gen|8\n|tier|[Gen 8] Random Battle\n|rule|Species Clause: Limit one of each Pok\u00e9mon\n|rule|HP Percentage Mod: HP is shown in percentages\n|rule|Sleep Clause Mod: Limit one foe put to sleep\n|\n|t:|1685182718\n|start\n|switch|p1a: Flapple|Flapple, L84, F|255/255\n|switch|p2a: Hitmontop|Hitmontop, L85, M|224/224\n|turn|1\n|c|\u2606Wait2Seconds|hf\n|c|\u2606SHONE|glhf\n|\n|t:|1685182750\n|switch|p1a: Alcremie|Alcremie, L86, F|252/252\n|move|p2a: Hitmontop|Triple Axel|p1a: Alcremie\n|-damage|p1a: Alcremie|227/252\n|-damage|p1a: Alcremie|178/252\n|-hitcount|p1a: Alcremie|2\n|\n|-heal|p1a: Alcremie|193/252|[from] item: Leftovers\n|upkeep\n|turn|2\n|\n|t:|1685182787\n|switch|p2a: Pikachu|Pikachu-World, L92, M|214/214\n|move|p1a: Alcremie|Psychic|p2a: Pikachu\n|-damage|p2a: Pikachu|114/214\n|\n|-heal|p1a: Alcremie|208/252|[from] item: Leftovers\n|upkeep\n|turn|3\n|\n|t:|1685182813\n|switch|p1a: Flapple|Flapple, L84, F|255/255\n|move|p2a: Pikachu|Iron Tail|p1a: Flapple\n|-damage|p1a: Flapple|134/255\n|-unboost|p1a: Flapple|def|1\n|\n|upkeep\n|turn|4\n|\n|t:|1685182833\n|switch|p1a: Bewear|Bewear, L82, F|331/331\n|move|p2a: Pikachu|Iron Tail|p1a: Bewear\n|-damage|p1a: Bewear|266/331\n|\n|upkeep\n|turn|5\n|\n|t:|1685182851\n|switch|p2a: Hitmontop|Hitmontop, L85, M|224/224\n|move|p1a: Bewear|Close Combat|p2a: Hitmontop\n|-damage|p2a: Hitmontop|45/224\n|-unboost|p1a: Bewear|def|1\n|-unboost|p1a: Bewear|spd|1\n|-damage|p1a: Bewear|233/331|[from] item: Life Orb\n|\n|-heal|p2a: Hitmontop|59/224|[from] item: Leftovers\n|upkeep\n|turn|6\n|\n|t:|1685182868\n|switch|p1a: Alcremie|Alcremie, L86, F|208/252\n|move|p2a: Hitmontop|Close Combat|p1a: Alcremie\n|-resisted|p1a: Alcremie\n|-damage|p1a: Alcremie|140/252\n|-unboost|p2a: Hitmontop|def|1\n|-unboost|p2a: Hitmontop|spd|1\n|\n|-heal|p2a: Hitmontop|73/224|[from] item: Leftovers\n|-heal|p1a: Alcremie|155/252|[from] item: Leftovers\n|upkeep\n|turn|7\n|\n|t:|1685182882\n|move|p2a: Hitmontop|Toxic|p1a: Alcremie\n|-status|p1a: Alcremie|tox\n|move|p1a: Alcremie|Recover|p1a: Alcremie\n|-heal|p1a: Alcremie|252/252 tox\n|\n|-heal|p2a: Hitmontop|87/224|[from] item: Leftovers\n|-damage|p1a: Alcremie|237/252 tox|[from] psn\n|upkeep\n|turn|8\n|\n|t:|1685182891\n|switch|p2a: Audino|Audino, L91, F|335/335\n|move|p1a: Alcremie|Psychic|p2a: Audino\n|-damage|p2a: Audino|261/335\n|\n|-heal|p1a: Alcremie|252/252 tox|[from] item: Leftovers\n|-heal|p2a: Audino|281/335|[from] item: Leftovers\n|-damage|p1a: Alcremie|222/252 tox|[from] psn\n|upkeep\n|turn|9\n|\n|t:|1685182901\n|switch|p1a: Gigalith|Gigalith, L82, F|274/274\n|-weather|Sandstorm|[from] ability: Sand Stream|[of] p1a: Gigalith\n|move|p2a: Audino|Wish|p2a: Audino\n|\n|-weather|Sandstorm|[upkeep]\n|-damage|p2a: Audino|261/335|[from] Sandstorm\n|-heal|p2a: Audino|281/335|[from] item: Leftovers\n|upkeep\n|turn|10\n|\n|t:|1685182914\n|move|p2a: Audino|Knock Off|p1a: Gigalith\n|-damage|p1a: Gigalith|230/274\n|-enditem|p1a: Gigalith|Choice Band|[from] move: Knock Off|[of] p2a: Audino\n|move|p1a: Gigalith|Superpower|p2a: Audino\n|-supereffective|p2a: Audino\n|-crit|p2a: Audino\n|-damage|p2a: Audino|9/335\n|-unboost|p1a: Gigalith|atk|1\n|-unboost|p1a: Gigalith|def|1\n|\n|-weather|Sandstorm|[upkeep]\n|-damage|p2a: Audino|0 fnt|[from] Sandstorm\n|faint|p2a: Audino\n|upkeep\n|\n|t:|1685182936\n|switch|p2a: Hitmontop|Hitmontop, L85, M|87/224\n|turn|11\n|\n|t:|1685182953\n|switch|p1a: Alcremie|Alcremie, L86, F|222/252 tox\n|move|p2a: Hitmontop|Triple Axel|p1a: Alcremie\n|-damage|p1a: Alcremie|198/252 tox\n|-damage|p1a: Alcremie|152/252 tox\n|-damage|p1a: Alcremie|82/252 tox\n|-hitcount|p1a: Alcremie|3\n|\n|-weather|Sandstorm|[upkeep]\n|-damage|p2a: Hitmontop|73/224|[from] Sandstorm\n|-damage|p1a: Alcremie|67/252 tox|[from] Sandstorm\n|-heal|p2a: Hitmontop|87/224|[from] item: Leftovers\n|-heal|p1a: Alcremie|82/252 tox|[from] item: Leftovers\n|-damage|p1a: Alcremie|67/252 tox|[from] psn\n|upkeep\n|turn|12\n|\n|t:|1685182981\n|move|p2a: Hitmontop|Close Combat|p1a: Alcremie\n|-resisted|p1a: Alcremie\n|-damage|p1a: Alcremie|0 fnt\n|-unboost|p2a: Hitmontop|def|1\n|-unboost|p2a: Hitmontop|spd|1\n|faint|p1a: Alcremie\n|\n|-weather|Sandstorm|[upkeep]\n|-damage|p2a: Hitmontop|73/224|[from] Sandstorm\n|-heal|p2a: Hitmontop|87/224|[from] item: Leftovers\n|upkeep\n|\n|t:|1685183007\n|switch|p1a: Kyogre|Kyogre, L72|263/263\n|-weather|RainDance|[from] ability: Drizzle|[of] p1a: Kyogre\n|turn|13\n|\n|t:|1685183026\n|switch|p2a: Froslass|Froslass, L84, F|255/255\n|move|p1a: Kyogre|Origin Pulse|p2a: Froslass|[miss]\n|-miss|p1a: Kyogre|p2a: Froslass\n|\n|-weather|RainDance|[upkeep]\n|upkeep\n|turn|14\n|\n|t:|1685183035\n|move|p2a: Froslass|Poltergeist|p1a: Kyogre\n|-activate|p1a: Kyogre|move: Poltergeist|Leftovers\n|-crit|p1a: Kyogre\n|-damage|p1a: Kyogre|85/263\n|move|p1a: Kyogre|Thunder|p2a: Froslass\n|-damage|p2a: Froslass|162/255\n|\n|-weather|RainDance|[upkeep]\n|-heal|p1a: Kyogre|101/263|[from] item: Leftovers\n|upkeep\n|turn|15\n|c|\u2606Wait2Seconds|^^\n|\n|t:|1685183053\n|switch|p1a: Gigalith|Gigalith, L82, F|230/274\n|-weather|Sandstorm|[from] ability: Sand Stream|[of] p1a: Gigalith\n|move|p2a: Froslass|Triple Axel|p1a: Gigalith\n|-damage|p1a: Gigalith|215/274\n|-damage|p1a: Gigalith|188/274\n|-damage|p1a: Gigalith|148/274\n|-hitcount|p1a: Gigalith|3\n|\n|-weather|Sandstorm|[upkeep]\n|-damage|p2a: Froslass|147/255|[from] Sandstorm\n|upkeep\n|turn|16\n|\n|t:|1685183078\n|move|p2a: Froslass|Destiny Bond|p2a: Froslass\n|-singlemove|p2a: Froslass|Destiny Bond\n|move|p1a: Gigalith|Earthquake|p2a: Froslass\n|-damage|p2a: Froslass|47/255\n|\n|-weather|Sandstorm|[upkeep]\n|-damage|p2a: Froslass|32/255|[from] Sandstorm\n|upkeep\n|turn|17\n|\n|t:|1685183091\n|switch|p1a: Kyogre|Kyogre, L72|101/263\n|-weather|RainDance|[from] ability: Drizzle|[of] p1a: Kyogre\n|move|p2a: Froslass|Poltergeist|p1a: Kyogre\n|-activate|p1a: Kyogre|move: Poltergeist|Leftovers\n|-damage|p1a: Kyogre|0 fnt\n|faint|p1a: Kyogre\n|\n|-weather|RainDance|[upkeep]\n|upkeep\n|c|\u2606Wait2Seconds|w/e\n|\n|t:|1685183105\n|switch|p1a: Gigalith|Gigalith, L82, F|148/274\n|-weather|Sandstorm|[from] ability: Sand Stream|[of] p1a: Gigalith\n|turn|18\n|\n|t:|1685183115\n|move|p2a: Froslass|Poltergeist||[still]\n|-fail|p2a: Froslass\n|move|p1a: Gigalith|Earthquake|p2a: Froslass\n|-damage|p2a: Froslass|0 fnt\n|faint|p2a: Froslass\n|\n|-weather|Sandstorm|[upkeep]\n|upkeep\n|\n|t:|1685183126\n|switch|p2a: Hitmontop|Hitmontop, L85, M|87/224\n|turn|19\n|\n|t:|1685183131\n|switch|p1a: Solrock|Solrock, L88|302/302\n|move|p2a: Hitmontop|Close Combat|p1a: Solrock\n|-damage|p1a: Solrock|178/302\n|-unboost|p2a: Hitmontop|def|1\n|-unboost|p2a: Hitmontop|spd|1\n|\n|-weather|Sandstorm|[upkeep]\n|-damage|p2a: Hitmontop|73/224|[from] Sandstorm\n|-heal|p1a: Solrock|196/302|[from] item: Leftovers\n|-heal|p2a: Hitmontop|87/224|[from] item: Leftovers\n|upkeep\n|turn|20\n|inactive|Battle timer is ON: inactive players will automatically lose when time's up. (requested by Wait2Seconds)\n|inactive|SHONE has 270 seconds left.\n|\n|t:|1685183196\n|switch|p2a: Rapidash|Rapidash, L84, M|246/246\n|move|p1a: Solrock|Earthquake|p2a: Rapidash\n|-supereffective|p2a: Rapidash\n|-damage|p2a: Rapidash|70/246\n|\n|-weather|Sandstorm|[upkeep]\n|-damage|p2a: Rapidash|55/246|[from] Sandstorm\n|-heal|p1a: Solrock|214/302|[from] item: Leftovers\n|upkeep\n|turn|21\n|\n|t:|1685183222\n|move|p2a: Rapidash|Flare Blitz|p1a: Solrock\n|-resisted|p1a: Solrock\n|-damage|p1a: Solrock|149/302\n|-damage|p2a: Rapidash|34/246|[from] Recoil\n|move|p1a: Solrock|Stealth Rock|p2a: Rapidash\n|-sidestart|p2: SHONE|move: Stealth Rock\n|\n|-weather|Sandstorm|[upkeep]\n|-damage|p2a: Rapidash|19/246|[from] Sandstorm\n|-heal|p1a: Solrock|167/302|[from] item: Leftovers\n|upkeep\n|turn|22\n|\n|t:|1685183233\n|move|p2a: Rapidash|Swords Dance|p2a: Rapidash\n|-boost|p2a: Rapidash|atk|2\n|move|p1a: Solrock|Morning Sun|p1a: Solrock\n|-heal|p1a: Solrock|242/302\n|\n|-weather|none\n|-heal|p1a: Solrock|260/302|[from] item: Leftovers\n|upkeep\n|turn|23\n|\n|t:|1685183242\n|move|p2a: Rapidash|Flare Blitz|p1a: Solrock\n|-resisted|p1a: Solrock\n|-damage|p1a: Solrock|125/302\n|-damage|p2a: Rapidash|0 fnt|[from] Recoil\n|faint|p2a: Rapidash\n|move|p1a: Solrock|Earthquake|p2: Rapidash|[notarget]\n|-fail|p1a: Solrock\n|\n|-heal|p1a: Solrock|143/302|[from] item: Leftovers\n|upkeep\n|\n|t:|1685183256\n|switch|p2a: Cobalion|Cobalion, L78|270/270\n|-damage|p2a: Cobalion|262/270|[from] Stealth Rock\n|turn|24\n|\n|t:|1685183277\n|-start|p2a: Cobalion|Dynamax|\n|-heal|p2a: Cobalion|524/540|[silent]\n|-start|p1a: Solrock|Dynamax|\n|-heal|p1a: Solrock|286/604|[silent]\n|move|p2a: Cobalion|Max Steelspike|p1a: Solrock\n|-supereffective|p1a: Solrock\n|-damage|p1a: Solrock|64/604\n|-boost|p2a: Cobalion|def|1\n|move|p1a: Solrock|Max Quake|p2a: Cobalion\n|-supereffective|p2a: Cobalion\n|-damage|p2a: Cobalion|410/540\n|-boost|p1a: Solrock|spd|1\n|\n|-heal|p1a: Solrock|82/604|[from] item: Leftovers\n|upkeep\n|turn|25\n|\n|t:|1685183288\n|move|p2a: Cobalion|Max Knuckle|p1a: Solrock\n|-damage|p1a: Solrock|7/604\n|-boost|p2a: Cobalion|atk|1\n|move|p1a: Solrock|Max Quake|p2a: Cobalion\n|-supereffective|p2a: Cobalion\n|-damage|p2a: Cobalion|294/540\n|-boost|p1a: Solrock|spd|1\n|\n|-heal|p1a: Solrock|25/604|[from] item: Leftovers\n|upkeep\n|turn|26\n|\n|t:|1685183295\n|move|p1a: Solrock|Max Guard|p1a: Solrock\n|-singleturn|p1a: Solrock|Max Guard\n|move|p2a: Cobalion|Max Knuckle|p1a: Solrock\n|-activate|p1a: Solrock|move: Max Guard\n|\n|-heal|p1a: Solrock|43/604|[from] item: Leftovers\n|upkeep\n|-end|p2a: Cobalion|Dynamax\n|-heal|p2a: Cobalion|147/270|[silent]\n|-end|p1a: Solrock|Dynamax\n|-heal|p1a: Solrock|22/302|[silent]\n|turn|27\n|\n|t:|1685183299\n|move|p2a: Cobalion|Iron Head|p1a: Solrock\n|-supereffective|p1a: Solrock\n|-damage|p1a: Solrock|0 fnt\n|faint|p1a: Solrock\n|\n|upkeep\n|-message|Wait2Seconds forfeited.\n|\n|win|SHONE\n|l|\u2606Wait2Seconds\n|c|\u2606SHONE|gg wp\n", "inputlog": ">version d74822bbc74c095aa312053f7034baee3068d99e\n>start {\"formatid\":\"gen8randombattle\",\"seed\":[54879,32663,58221,34485]}\n>player p1 {\"name\":\"Wait2Seconds\",\"avatar\":\"#rbtt6teampalkia\",\"rating\":0,\"seed\":[50592,6227,33886,36580]}\n>player p2 {\"name\":\"SHONE\",\"avatar\":\"lady-gen4\",\"rating\":0,\"seed\":[1094,49269,15554,43686]}\n>chat \u2606Wait2Seconds|hf\n>chat \u2606SHONE|glhf\n>p1 switch 5\n>p2 move tripleaxel\n>p1 move psychic\n>p2 switch 6\n>p1 switch 5\n>p2 move irontail\n>p1 switch 4\n>p2 move irontail\n>p1 move closecombat\n>p2 switch 6\n>p1 switch 5\n>p2 move closecombat\n>p1 move recover\n>p2 move toxic\n>p1 move psychic\n>p2 switch 4\n>p1 switch 3\n>p2 move wish\n>p1 move superpower\n>p2 move knockoff\n>p2 switch 4\n>p1 switch 3\n>p2 move tripleaxel\n>p1 move psychic\n>p2 move closecombat\n>p1 switch 6\n>p1 move originpulse\n>p2 switch 3\n>p1 move thunder\n>p2 move poltergeist\n>chat \u2606Wait2Seconds|^^\n>p1 switch 3\n>p2 move tripleaxel\n>p1 move earthquake\n>p2 move destinybond\n>p1 switch 3\n>p2 move poltergeist\n>chat \u2606Wait2Seconds|w/e\n>p1 switch 3\n>p1 move earthquake\n>p2 move poltergeist\n>p2 switch 3\n>p1 switch 2\n>p2 move closecombat\n>p1 move earthquake\n>p2 switch 2\n>p1 move stealthrock\n>p2 move flareblitz\n>p1 move morningsun\n>p2 move swordsdance\n>p1 move earthquake\n>p2 move flareblitz\n>p2 switch 5\n>p1 move earthquake dynamax\n>p2 move ironhead dynamax\n>p1 move earthquake dynamax\n>p2 move closecombat dynamax\n>p1 move morningsun dynamax\n>p2 move closecombat dynamax\n>p1 move earthquake\n>p2 move ironhead\n>forcelose p1", "uploadtime": 1685183313, "views": 9, "p1id": "wait2seconds", "p2id": "shone", "formatid": "gen8randombattle", "rating": 0, "private": 0, "password": ""}