|j|☆Dragon246
|j|☆MichaelderBeste2
|t:|1685286013
|gametype|singles
|player|p1|Dragon246|gladion-stance|
|player|p2|MichaelderBeste2|#uuplxiidols|
|teamsize|p1|6
|teamsize|p2|6
|gen|8
|tier|[Gen 8] Random Battle
|rule|Species Clause: Limit one of each Pokémon
|rule|HP Percentage Mod: HP is shown in percentages
|rule|Sleep Clause Mod: Limit one foe put to sleep
|
|t:|1685286013
|start
|switch|p1a: Lickilicky|Lickilicky, L86, M|329/329
|switch|p2a: Milotic|Milotic, L82, M|290/290
|turn|1
|inactive|Battle timer is ON: inactive players will automatically lose when time's up. (requested by MichaelderBeste2)
|c|☆MichaelderBeste2|hf
|c|☆Dragon246|u2
|
|t:|1685286055
|switch|p2a: Audino|Audino, L91, M|335/335
|move|p1a: Lickilicky|Knock Off|p2a: Audino
|-damage|p2a: Audino|273/335
|-enditem|p2a: Audino|Leftovers|[from] move: Knock Off|[of] p1a: Lickilicky
|
|upkeep
|turn|2
|inactive|MichaelderBeste2 has 270 seconds left.
|inactive|MichaelderBeste2 has 240 seconds left.
|
|t:|1685286118
|move|p2a: Audino|Toxic|p1a: Lickilicky
|-status|p1a: Lickilicky|tox
|move|p1a: Lickilicky|Body Slam|p2a: Audino
|-damage|p2a: Audino|189/335
|
|-damage|p1a: Lickilicky|309/329 tox|[from] psn
|upkeep
|turn|3
|
|t:|1685286125
|move|p2a: Audino|Knock Off|p1a: Lickilicky
|-damage|p1a: Lickilicky|255/329 tox
|-enditem|p1a: Lickilicky|Leftovers|[from] move: Knock Off|[of] p2a: Audino
|move|p1a: Lickilicky|Body Slam|p2a: Audino
|-damage|p2a: Audino|104/335
|
|-damage|p1a: Lickilicky|215/329 tox|[from] psn
|upkeep
|turn|4
|
|t:|1685286133
|switch|p2a: Golisopod|Golisopod, L84, M|263/263
|move|p1a: Lickilicky|Body Slam|p2a: Golisopod
|-damage|p2a: Golisopod|203/263
|
|-damage|p1a: Lickilicky|155/329 tox|[from] psn
|upkeep
|turn|5
|
|t:|1685286137
|switch|p1a: Carbink|Carbink, L86|226/226
|move|p2a: Golisopod|Spikes|p1a: Carbink
|-sidestart|p1: Dragon246|Spikes
|
|upkeep
|turn|6
|
|t:|1685286146
|move|p1a: Carbink|Reflect|p1a: Carbink
|-sidestart|p1: Dragon246|Reflect
|move|p2a: Golisopod|Liquidation|p1a: Carbink
|-supereffective|p1a: Carbink
|-damage|p1a: Carbink|153/226
|
|upkeep
|turn|7
|
|t:|1685286151
|switch|p2a: Audino|Audino, L91, M|215/335
|move|p1a: Carbink|Light Screen|p1a: Carbink
|-sidestart|p1: Dragon246|move: Light Screen
|
|upkeep
|turn|8
|
|t:|1685286154
|move|p2a: Audino|Toxic|p1a: Carbink
|-status|p1a: Carbink|tox
|move|p1a: Carbink|Stealth Rock|p2a: Audino
|-sidestart|p2: MichaelderBeste2|move: Stealth Rock
|
|-damage|p1a: Carbink|139/226 tox|[from] psn
|upkeep
|turn|9
|
|t:|1685286163
|move|p2a: Audino|Toxic|p1a: Carbink
|-fail|p1a: Carbink|tox
|move|p1a: Carbink|Moonblast|p2a: Audino
|-damage|p2a: Audino|155/335
|-unboost|p2a: Audino|spa|1
|
|-damage|p1a: Carbink|111/226 tox|[from] psn
|upkeep
|turn|10
|
|t:|1685286168
|move|p2a: Audino|Wish|p2a: Audino
|move|p1a: Carbink|Moonblast|p2a: Audino
|-damage|p2a: Audino|86/335
|
|-damage|p1a: Carbink|69/226 tox|[from] psn
|upkeep
|turn|11
|
|t:|1685286173
|move|p2a: Audino|Protect|p2a: Audino
|-singleturn|p2a: Audino|Protect
|move|p1a: Carbink|Moonblast|p2a: Audino
|-activate|p2a: Audino|move: Protect
|
|-heal|p2a: Audino|253/335|[from] move: Wish|[wisher] Audino
|-damage|p1a: Carbink|13/226 tox|[from] psn
|upkeep
|turn|12
|
|t:|1685286176
|move|p2a: Audino|Wish|p2a: Audino
|move|p1a: Carbink|Moonblast|p2a: Audino
|-damage|p2a: Audino|195/335
|
|-damage|p1a: Carbink|0 fnt|[from] psn
|faint|p1a: Carbink
|upkeep
|
|t:|1685286180
|switch|p1a: Azumarill|Azumarill, L84, F|305/305
|-damage|p1a: Azumarill|267/305|[from] Spikes
|turn|13
|
|t:|1685286184
|move|p2a: Audino|Toxic|p1a: Azumarill|[miss]
|-miss|p2a: Audino|p1a: Azumarill
|move|p1a: Azumarill|Play Rough|p2a: Audino
|-damage|p2a: Audino|36/335
|
|-heal|p2a: Audino|203/335|[from] move: Wish|[wisher] Audino
|-sideend|p1: Dragon246|Reflect
|upkeep
|turn|14
|
|t:|1685286201
|switch|p2a: Dugtrio|Dugtrio-Alola, L82, F|192/192
|-damage|p2a: Dugtrio|186/192|[from] Stealth Rock
|switch|p1a: Lickilicky|Lickilicky, L86, M|155/329 tox
|-damage|p1a: Lickilicky|114/329 tox|[from] Spikes
|
|-damage|p1a: Lickilicky|94/329 tox|[from] psn
|-sideend|p1: Dragon246|move: Light Screen
|upkeep
|turn|15
|
|t:|1685286206
|move|p2a: Dugtrio|Earthquake|p1a: Lickilicky
|-damage|p1a: Lickilicky|0 fnt
|faint|p1a: Lickilicky
|
|upkeep
|
|t:|1685286211
|switch|p1a: Azumarill|Azumarill, L84, F|267/305
|-damage|p1a: Azumarill|229/305|[from] Spikes
|turn|16
|
|t:|1685286217
|move|p2a: Dugtrio|Earthquake|p1a: Azumarill
|-damage|p1a: Azumarill|64/305
|move|p1a: Azumarill|Liquidation|p2a: Dugtrio
|-supereffective|p2a: Dugtrio
|-damage|p2a: Dugtrio|0 fnt
|-ability|p2a: Dugtrio|Tangling Hair
|-unboost|p1a: Azumarill|spe|1
|faint|p2a: Dugtrio
|
|upkeep
|
|t:|1685286225
|switch|p2a: Dhelmise|Dhelmise, L86|261/261
|-damage|p2a: Dhelmise|229/261|[from] Stealth Rock
|turn|17
|
|t:|1685286229
|switch|p1a: Incineroar|Incineroar, L80, F|283/283
|-damage|p1a: Incineroar|248/283|[from] Spikes
|-ability|p1a: Incineroar|Intimidate|boost
|-unboost|p2a: Dhelmise|atk|1
|move|p2a: Dhelmise|Anchor Shot|p1a: Incineroar
|-resisted|p1a: Incineroar
|-damage|p1a: Incineroar|209/283
|-activate|p1a: Incineroar|trapped
|
|upkeep
|turn|18
|
|t:|1685286234
|switch|p2a: Milotic|Milotic, L82, M|290/290
|-damage|p2a: Milotic|254/290|[from] Stealth Rock
|move|p1a: Incineroar|Knock Off|p2a: Milotic
|-damage|p2a: Milotic|59/290
|-enditem|p2a: Milotic|Leftovers|[from] move: Knock Off|[of] p1a: Incineroar
|
|upkeep
|turn|19
|
|t:|1685286238
|move|p2a: Milotic|Recover|p2a: Milotic
|-heal|p2a: Milotic|204/290
|move|p1a: Incineroar|Knock Off|p2a: Milotic
|-damage|p2a: Milotic|75/290
|
|upkeep
|turn|20
|
|t:|1685286241
|move|p2a: Milotic|Recover|p2a: Milotic
|-heal|p2a: Milotic|220/290
|move|p1a: Incineroar|Knock Off|p2a: Milotic
|-damage|p2a: Milotic|90/290
|
|upkeep
|turn|21
|
|t:|1685286250
|move|p2a: Milotic|Recover|p2a: Milotic
|-heal|p2a: Milotic|235/290
|move|p1a: Incineroar|Knock Off|p2a: Milotic
|-damage|p2a: Milotic|115/290
|
|upkeep
|turn|22
|
|t:|1685286255
|move|p2a: Milotic|Recover|p2a: Milotic
|-heal|p2a: Milotic|260/290
|move|p1a: Incineroar|Knock Off|p2a: Milotic
|-damage|p2a: Milotic|148/290
|
|upkeep
|turn|23
|
|t:|1685286258
|move|p2a: Milotic|Scald|p1a: Incineroar
|-supereffective|p1a: Incineroar
|-damage|p1a: Incineroar|51/283
|move|p1a: Incineroar|Knock Off|p2a: Milotic
|-damage|p2a: Milotic|36/290
|
|upkeep
|turn|24
|
|t:|1685286261
|move|p2a: Milotic|Recover|p2a: Milotic
|-heal|p2a: Milotic|181/290
|move|p1a: Incineroar|Knock Off|p2a: Milotic
|-damage|p2a: Milotic|54/290
|
|upkeep
|turn|25
|
|t:|1685286264
|move|p2a: Milotic|Recover|p2a: Milotic
|-heal|p2a: Milotic|199/290
|move|p1a: Incineroar|Knock Off|p2a: Milotic
|-damage|p2a: Milotic|81/290
|
|upkeep
|turn|26
|
|t:|1685286266
|move|p2a: Milotic|Recover|p2a: Milotic
|-heal|p2a: Milotic|226/290
|move|p1a: Incineroar|Knock Off|p2a: Milotic
|-damage|p2a: Milotic|105/290
|
|upkeep
|turn|27
|
|t:|1685286269
|move|p2a: Milotic|Recover|p2a: Milotic
|-heal|p2a: Milotic|250/290
|move|p1a: Incineroar|Knock Off|p2a: Milotic
|-damage|p2a: Milotic|120/290
|
|upkeep
|turn|28
|
|t:|1685286271
|move|p2a: Milotic|Recover|p2a: Milotic
|-heal|p2a: Milotic|265/290
|move|p1a: Incineroar|Knock Off|p2a: Milotic
|-damage|p2a: Milotic|154/290
|
|upkeep
|turn|29
|
|t:|1685286274
|move|p2a: Milotic|Recover|p2a: Milotic
|-heal|p2a: Milotic|290/290
|move|p1a: Incineroar|Knock Off|p2a: Milotic
|-damage|p2a: Milotic|178/290
|
|upkeep
|turn|30
|
|t:|1685286276
|move|p2a: Milotic|Scald|p1a: Incineroar
|-supereffective|p1a: Incineroar
|-damage|p1a: Incineroar|0 fnt
|faint|p1a: Incineroar
|
|upkeep
|
|t:|1685286278
|switch|p1a: Glastrier|Glastrier, L82|298/298
|turn|31
|
|t:|1685286281
|move|p2a: Milotic|Scald|p1a: Glastrier
|-damage|p1a: Glastrier|231/298
|-status|p1a: Glastrier|brn
|move|p1a: Glastrier|Swords Dance|p1a: Glastrier
|-boost|p1a: Glastrier|atk|2
|
|-damage|p1a: Glastrier|213/298 brn|[from] brn
|upkeep
|turn|32
|
|t:|1685286285
|move|p2a: Milotic|Haze|p2a: Milotic
|-clearallboost
|move|p1a: Glastrier|Close Combat|p2a: Milotic
|-damage|p2a: Milotic|117/290
|-unboost|p1a: Glastrier|def|1
|-unboost|p1a: Glastrier|spd|1
|
|-damage|p1a: Glastrier|195/298 brn|[from] brn
|upkeep
|turn|33
|
|t:|1685286288
|move|p2a: Milotic|Recover|p2a: Milotic
|-heal|p2a: Milotic|262/290
|move|p1a: Glastrier|Swords Dance|p1a: Glastrier
|-boost|p1a: Glastrier|atk|2
|
|-damage|p1a: Glastrier|177/298 brn|[from] brn
|upkeep
|turn|34
|
|t:|1685286291
|move|p2a: Milotic|Haze|p2a: Milotic
|-clearallboost
|move|p1a: Glastrier|Close Combat|p2a: Milotic
|-damage|p2a: Milotic|203/290
|-unboost|p1a: Glastrier|def|1
|-unboost|p1a: Glastrier|spd|1
|
|-damage|p1a: Glastrier|159/298 brn|[from] brn
|upkeep
|turn|35
|
|t:|1685286293
|move|p2a: Milotic|Scald|p1a: Glastrier
|-damage|p1a: Glastrier|44/298 brn
|move|p1a: Glastrier|Swords Dance|p1a: Glastrier
|-boost|p1a: Glastrier|atk|2
|
|-damage|p1a: Glastrier|26/298 brn|[from] brn
|upkeep
|turn|36
|
|t:|1685286295
|move|p2a: Milotic|Scald|p1a: Glastrier
|-damage|p1a: Glastrier|0 fnt
|faint|p1a: Glastrier
|
|upkeep
|
|t:|1685286300
|switch|p1a: Darmanitan|Darmanitan, L80, F|299/299
|-damage|p1a: Darmanitan|262/299|[from] Spikes
|turn|37
|
|t:|1685286304
|-start|p1a: Darmanitan|Dynamax|
|-heal|p1a: Darmanitan|524/598|[silent]
|-start|p2a: Milotic|Dynamax|
|-heal|p2a: Milotic|406/580|[silent]
|move|p1a: Darmanitan|Max Quake|p2a: Milotic
|-damage|p2a: Milotic|233/580
|-boost|p1a: Darmanitan|spd|1
|-damage|p1a: Darmanitan|495/598|[from] item: Life Orb
|move|p2a: Milotic|Max Geyser|p1a: Darmanitan
|-supereffective|p1a: Darmanitan
|-damage|p1a: Darmanitan|243/598
|-weather|RainDance
|
|-weather|RainDance|[upkeep]
|upkeep
|turn|38
|
|t:|1685286308
|move|p1a: Darmanitan|Max Flare|p2a: Milotic
|-resisted|p2a: Milotic
|-damage|p2a: Milotic|168/580
|-weather|SunnyDay
|-damage|p1a: Darmanitan|214/598|[from] item: Life Orb
|move|p2a: Milotic|Max Geyser|p1a: Darmanitan
|-supereffective|p1a: Darmanitan
|-damage|p1a: Darmanitan|80/598
|-weather|RainDance
|
|-weather|RainDance|[upkeep]
|upkeep
|turn|39
|
|t:|1685286312
|move|p1a: Darmanitan|Max Quake|p2a: Milotic
|-damage|p2a: Milotic|8/580
|-boost|p1a: Darmanitan|spd|1
|-damage|p1a: Darmanitan|51/598|[from] item: Life Orb
|move|p2a: Milotic|Max Geyser|p1a: Darmanitan
|-supereffective|p1a: Darmanitan
|-damage|p1a: Darmanitan|0 fnt
|faint|p1a: Darmanitan
|
|-weather|RainDance|[upkeep]
|upkeep
|
|t:|1685286315
|switch|p1a: Azumarill|Azumarill, L84, F|64/305
|-damage|p1a: Azumarill|26/305|[from] Spikes
|-end|p2a: Milotic|Dynamax
|-heal|p2a: Milotic|4/290|[silent]
|turn|40
|
|t:|1685286318
|switch|p2a: Toxicroak|Toxicroak, L84, F|277/277
|-damage|p2a: Toxicroak|260/277|[from] Stealth Rock
|move|p1a: Azumarill|Aqua Jet|p2a: Toxicroak
|-heal|p2a: Toxicroak|277/277|[from] ability: Dry Skin|[of] p1a: Azumarill
|
|-weather|RainDance|[upkeep]
|upkeep
|turn|41
|
|t:|1685286324
|move|p1a: Azumarill|Aqua Jet|p2a: Toxicroak
|-immune|p2a: Toxicroak|[from] ability: Dry Skin
|move|p2a: Toxicroak|Drain Punch|p1a: Azumarill
|-resisted|p1a: Azumarill
|-damage|p1a: Azumarill|0 fnt
|faint|p1a: Azumarill
|-damage|p2a: Toxicroak|250/277|[from] item: Life Orb
|
|win|MichaelderBeste2
|c|☆MichaelderBeste2|ggs
|c|☆Dragon246|gg
|l|☆Dragon246
