|j|☆sharp_claw
|j|☆tomsucksatpiano
|t:|1685414743
|gametype|singles
|player|p1|sharp_claw|#teamvictini|
|player|p2|tomsucksatpiano|gamer-gen3|
|teamsize|p1|6
|teamsize|p2|6
|gen|8
|tier|[Gen 8] Random Battle
|rule|Species Clause: Limit one of each Pokémon
|rule|HP Percentage Mod: HP is shown in percentages
|rule|Sleep Clause Mod: Limit one foe put to sleep
|
|t:|1685414743
|start
|switch|p1a: Lunala|Lunala, L72|316/316
|switch|p2a: Barraskewda|Barraskewda, L80, F|229/229
|turn|1
|c|☆sharp_claw|hf :D
|inactive|Battle timer is ON: inactive players will automatically lose when time's up. (requested by sharp_claw)
|c|☆tomsucksatpiano|u 2 :))
|inactive|tomsucksatpiano has 270 seconds left.
|inactive|sharp_claw has 270 seconds left.
|
|t:|1685414801
|switch|p2a: Shedinja|Shedinja, L88|1/1
|switch|p1a: Cherrim|Cherrim, L93, F|281/281
|
|upkeep
|turn|2
|
|t:|1685414826
|switch|p1a: Incineroar|Incineroar, L80, M|283/283
|-ability|p1a: Incineroar|Intimidate|boost
|-unboost|p2a: Shedinja|atk|1
|move|p2a: Shedinja|Poltergeist|p1a: Incineroar
|-activate|p1a: Incineroar|move: Poltergeist|Choice Scarf
|-resisted|p1a: Incineroar
|-damage|p1a: Incineroar|238/283
|
|upkeep
|turn|3
|inactive|tomsucksatpiano has 270 seconds left.
|
|t:|1685414851
|switch|p2a: Incineroar|Incineroar, L80, M|283/283
|-ability|p2a: Incineroar|Intimidate|boost
|-unboost|p1a: Incineroar|atk|1
|move|p1a: Incineroar|Knock Off|p2a: Incineroar
|-resisted|p2a: Incineroar
|-damage|p2a: Incineroar|243/283
|-enditem|p2a: Incineroar|Heavy-Duty Boots|[from] move: Knock Off|[of] p1a: Incineroar
|
|upkeep
|turn|4
|inactive|tomsucksatpiano has 270 seconds left.
|c|☆sharp_claw|spiderman pointing dot png
|c|☆tomsucksatpiano|skdfhskfhsjkf
|c|☆tomsucksatpiano|da bois
|
|t:|1685414881
|switch|p1a: Exeggutor|Exeggutor-Alola, L87, M|307/307
|move|p2a: Incineroar|U-turn|p1a: Exeggutor
|-supereffective|p1a: Exeggutor
|-damage|p1a: Exeggutor|205/307
|inactive|tomsucksatpiano has 240 seconds left.
|
|t:|1685414916
|switch|p2a: Exploud|Exploud, L84, F|312/312|[from] U-turn
|
|upkeep
|turn|5
|inactive|sharp_claw has 270 seconds left.
|
|t:|1685414942
|switch|p1a: Sandslash|Sandslash-Alola, L86, M|269/269
|move|p2a: Exploud|Boomburst|p1a: Sandslash
|-resisted|p1a: Sandslash
|-damage|p1a: Sandslash|180/269
|
|upkeep
|turn|6
|inactive|sharp_claw has 270 seconds left.
|inactive|tomsucksatpiano has 240 seconds left.
|
|t:|1685414979
|switch|p2a: Incineroar|Incineroar, L80, M|243/283
|-ability|p2a: Incineroar|Intimidate|boost
|-unboost|p1a: Sandslash|atk|1
|move|p1a: Sandslash|Earthquake|p2a: Incineroar
|-supereffective|p2a: Incineroar
|-damage|p2a: Incineroar|133/283
|
|upkeep
|turn|7
|inactive|tomsucksatpiano has 210 seconds left.
|
|t:|1685415023
|switch|p1a: Incineroar|Incineroar, L80, M|238/283
|-ability|p1a: Incineroar|Intimidate|boost
|-unboost|p2a: Incineroar|atk|1
|switch|p2a: Azelf|Azelf, L82|257/257
|
|upkeep
|turn|8
|inactive|tomsucksatpiano has 180 seconds left.
|inactive|sharp_claw has 240 seconds left.
|
|t:|1685415051
|switch|p2a: Incineroar|Incineroar, L80, M|133/283
|-ability|p2a: Incineroar|Intimidate|boost
|-unboost|p1a: Incineroar|atk|1
|move|p1a: Incineroar|Knock Off|p2a: Incineroar
|-resisted|p2a: Incineroar
|-damage|p2a: Incineroar|107/283
|
|upkeep
|turn|9
|inactive|sharp_claw has 240 seconds left.
|inactive|tomsucksatpiano has 180 seconds left.
|
|t:|1685415069
|switch|p1a: Sandslash|Sandslash-Alola, L86, M|180/269
|move|p2a: Incineroar|U-turn|p1a: Sandslash
|-resisted|p1a: Sandslash
|-damage|p1a: Sandslash|161/269
|
|t:|1685415085
|switch|p2a: Barraskewda|Barraskewda, L80, F|229/229|[from] U-turn
|
|upkeep
|turn|10
|
|t:|1685415096
|switch|p1a: Cherrim|Cherrim, L93, F|281/281
|move|p2a: Barraskewda|Close Combat|p1a: Cherrim
|-damage|p1a: Cherrim|126/281
|-unboost|p2a: Barraskewda|def|1
|-unboost|p2a: Barraskewda|spd|1
|
|upkeep
|turn|11
|inactive|sharp_claw has 240 seconds left.
|
|t:|1685415127
|switch|p1a: Lunala|Lunala, L72|316/316
|switch|p2a: Shedinja|Shedinja, L88|1/1
|
|upkeep
|turn|12
|inactive|tomsucksatpiano has 150 seconds left.
|
|t:|1685415173
|switch|p1a: Incineroar|Incineroar, L80, M|238/283
|-ability|p1a: Incineroar|Intimidate|boost
|-unboost|p2a: Shedinja|atk|1
|switch|p2a: Exploud|Exploud, L84, F|312/312
|
|upkeep
|turn|13
|inactive|tomsucksatpiano has 120 seconds left.
|inactive|sharp_claw has 210 seconds left.
|
|t:|1685415224
|move|p1a: Incineroar|Knock Off|p2a: Exploud
|-damage|p2a: Exploud|167/312
|-enditem|p2a: Exploud|Choice Specs|[from] move: Knock Off|[of] p1a: Incineroar
|move|p2a: Exploud|Boomburst|p1a: Incineroar
|-damage|p1a: Incineroar|96/283
|
|upkeep
|turn|14
|
|t:|1685415238
|switch|p1a: Sandslash|Sandslash-Alola, L86, M|161/269
|switch|p2a: Incineroar|Incineroar, L80, M|107/283
|-ability|p2a: Incineroar|Intimidate|boost
|-unboost|p1a: Sandslash|atk|1
|
|upkeep
|turn|15
|inactive|tomsucksatpiano has 90 seconds left.
|
|t:|1685415270
|switch|p1a: Incineroar|Incineroar, L80, M|96/283
|-ability|p1a: Incineroar|Intimidate|boost
|-unboost|p2a: Incineroar|atk|1
|switch|p2a: Shedinja|Shedinja, L88|1/1
|
|upkeep
|turn|16
|inactive|tomsucksatpiano has 90 seconds left.
|
|t:|1685415286
|switch|p2a: Incineroar|Incineroar, L80, M|107/283
|-ability|p2a: Incineroar|Intimidate|boost
|-unboost|p1a: Incineroar|atk|1
|move|p1a: Incineroar|Earthquake|p2a: Incineroar
|-supereffective|p2a: Incineroar
|-damage|p2a: Incineroar|7/283
|
|upkeep
|turn|17
|inactive|tomsucksatpiano has 90 seconds left.
|c|☆tomsucksatpiano|wp
|
|t:|1685415302
|switch|p1a: Exeggutor|Exeggutor-Alola, L87, M|205/307
|switch|p2a: Shedinja|Shedinja, L88|1/1
|
|upkeep
|turn|18
|inactive|tomsucksatpiano has 90 seconds left.
|
|t:|1685415327
|switch|p2a: Exploud|Exploud, L84, F|167/312
|move|p1a: Exeggutor|Flamethrower|p2a: Exploud
|-damage|p2a: Exploud|37/312
|-damage|p1a: Exeggutor|175/307|[from] item: Life Orb
|
|upkeep
|turn|19
|inactive|sharp_claw has 180 seconds left.
|
|t:|1685415346
|switch|p1a: Sandslash|Sandslash-Alola, L86, M|161/269
|move|p2a: Exploud|Boomburst|p1a: Sandslash
|-resisted|p1a: Sandslash
|-crit|p1a: Sandslash
|-damage|p1a: Sandslash|72/269
|
|upkeep
|turn|20
|
|t:|1685415354
|move|p2a: Exploud|Boomburst|p1a: Sandslash
|-resisted|p1a: Sandslash
|-damage|p1a: Sandslash|18/269
|move|p1a: Sandslash|Iron Head|p2a: Exploud
|-damage|p2a: Exploud|0 fnt
|faint|p2a: Exploud
|
|upkeep
|inactive|tomsucksatpiano has 60 seconds left.
|
|t:|1685415380
|switch|p2a: Azelf|Azelf, L82|257/257
|turn|21
|
|t:|1685415395
|move|p2a: Azelf|Dazzling Gleam|p1a: Sandslash
|-resisted|p1a: Sandslash
|-damage|p1a: Sandslash|0 fnt
|faint|p1a: Sandslash
|-damage|p2a: Azelf|232/257|[from] item: Life Orb
|
|upkeep
|inactive|sharp_claw has 180 seconds left.
|inactive|sharp_claw has 150 seconds left.
|inactive|sharp_claw has 120 seconds left.
|inactive|sharp_claw has 90 seconds left.
|inactive|sharp_claw has 60 seconds left.
|
|t:|1685415526
|switch|p1a: Weavile|Weavile, L79, F|240/240
|turn|22
|inactive|tomsucksatpiano has 60 seconds left.
|inactive|tomsucksatpiano has 30 seconds left.
|inactive|tomsucksatpiano has 20 seconds left.
|
|t:|1685415595
|switch|p2a: Incineroar|Incineroar, L80, M|7/283
|-ability|p2a: Incineroar|Intimidate|boost
|-unboost|p1a: Weavile|atk|1
|move|p1a: Weavile|Knock Off|p2a: Incineroar
|-resisted|p2a: Incineroar
|-damage|p2a: Incineroar|0 fnt
|faint|p2a: Incineroar
|
|upkeep
|inactive|tomsucksatpiano has 25 seconds left this turn.
|inactive|tomsucksatpiano has 20 seconds left.
|inactive|tomsucksatpiano has 15 seconds left.
|inactive|tomsucksatpiano has 10 seconds left.
|
|t:|1685415611
|switch|p2a: Barraskewda|Barraskewda, L80, F|229/229
|turn|23
|inactive|tomsucksatpiano has 20 seconds left this turn.
|inactive|tomsucksatpiano has 15 seconds left.
|inactive|tomsucksatpiano has 10 seconds left.
|
|t:|1685415624
|switch|p2a: Mimikyu|Mimikyu, L76, F|209/209
|switch|p1a: Lunala|Lunala, L72|316/316
|
|upkeep
|turn|24
|inactive|tomsucksatpiano has 20 seconds left this turn.
|inactive|tomsucksatpiano has 15 seconds left.
|inactive|tomsucksatpiano has 10 seconds left.
|
|t:|1685415637
|move|p2a: Mimikyu|Swords Dance|p2a: Mimikyu
|-boost|p2a: Mimikyu|atk|2
|move|p1a: Lunala|Moongeist Beam|p2a: Mimikyu
|-supereffective|p2a: Mimikyu
|-damage|p2a: Mimikyu|11/209
|
|upkeep
|turn|25
|inactive|tomsucksatpiano has 20 seconds left this turn.
|inactive|tomsucksatpiano has 15 seconds left.
|inactive|tomsucksatpiano has 10 seconds left.
|inactive|tomsucksatpiano has 5 seconds left.
|
|t:|1685415652
|switch|p1a: Incineroar|Incineroar, L80, M|96/283
|-ability|p1a: Incineroar|Intimidate|boost
|-unboost|p2a: Mimikyu|atk|1
|-start|p2a: Mimikyu|Dynamax|
|-heal|p2a: Mimikyu|22/418|[silent]
|move|p2a: Mimikyu|Max Phantasm|p1a: Incineroar
|-resisted|p1a: Incineroar
|-damage|p1a: Incineroar|0 fnt
|faint|p1a: Incineroar
|-damage|p2a: Mimikyu|2/418|[from] item: Life Orb
|
|upkeep
|inactive|tomsucksatpiano has 10 seconds left this turn.
|inactive|sharp_claw has 60 seconds left.
|c|☆tomsucksatpiano|i forgot moongeist beam has built in mold breaker
|c|☆tomsucksatpiano|thought i was so slick
|c|☆sharp_claw|it's so weird
|inactive|sharp_claw has 30 seconds left.
|inactive|sharp_claw has 20 seconds left.
|
|t:|1685415721
|switch|p1a: Cherrim|Cherrim, L93, F|126/281
|turn|26
|inactive|sharp_claw has 30 seconds left this turn.
|inactive|tomsucksatpiano has 20 seconds left this turn.
|inactive|tomsucksatpiano has 15 seconds left.
|inactive|sharp_claw has 20 seconds left.
|inactive|tomsucksatpiano has 10 seconds left.
|inactive|sharp_claw has 15 seconds left.
|inactive|tomsucksatpiano has 5 seconds left.
|
|t:|1685415737
|move|p1a: Cherrim|Healing Wish|p1a: Cherrim
|faint|p1a: Cherrim
|move|p2a: Mimikyu|Max Starfall|p1: Cherrim|[notarget]
|-fail|p2a: Mimikyu
|
|upkeep
|inactive|sharp_claw has 20 seconds left this turn.
|inactive|tomsucksatpiano has 10 seconds left this turn.
|inactive|sharp_claw has 15 seconds left.
|
|t:|1685415746
|switch|p1a: Exeggutor|Exeggutor-Alola, L87, M|175/307
|-heal|p1a: Exeggutor|307/307|[from] move: Healing Wish
|-item|p2a: Mimikyu|Life Orb|[from] ability: Frisk|[of] p1a: Exeggutor|[identify]
|turn|27
|inactive|sharp_claw has 25 seconds left this turn.
|inactive|tomsucksatpiano has 20 seconds left this turn.
|inactive|sharp_claw has 20 seconds left.
|inactive|tomsucksatpiano has 15 seconds left.
|inactive|sharp_claw has 15 seconds left.
|
|t:|1685415760
|-start|p1a: Exeggutor|Dynamax|
|-heal|p1a: Exeggutor|614/614|[silent]
|move|p1a: Exeggutor|Max Guard|p1a: Exeggutor
|-singleturn|p1a: Exeggutor|Max Guard
|move|p2a: Mimikyu|Max Starfall|p1a: Exeggutor
|-activate|p1a: Exeggutor|move: Max Guard
|
|upkeep
|-end|p2a: Mimikyu|Dynamax
|-heal|p2a: Mimikyu|1/209|[silent]
|turn|28
|inactive|sharp_claw has 25 seconds left this turn.
|inactive|tomsucksatpiano has 25 seconds left this turn.
|inactive|tomsucksatpiano has 20 seconds left.
|inactive|tomsucksatpiano has 15 seconds left.
|
|t:|1685415772
|move|p2a: Mimikyu|Play Rough|p1a: Exeggutor
|-supereffective|p1a: Exeggutor
|-damage|p1a: Exeggutor|331/614
|-damage|p2a: Mimikyu|0 fnt|[from] item: Life Orb
|faint|p2a: Mimikyu
|move|p1a: Exeggutor|Max Overgrowth|p2: Mimikyu|[notarget]
|-fail|p1a: Exeggutor
|
|upkeep
|inactive|sharp_claw has 30 seconds left this turn.
|inactive|tomsucksatpiano has 20 seconds left this turn.
|inactive|tomsucksatpiano has 15 seconds left.
|inactive|tomsucksatpiano has 10 seconds left.
|
|t:|1685415784
|switch|p2a: Shedinja|Shedinja, L88|1/1
|turn|29
|inactive|tomsucksatpiano has 20 seconds left this turn.
|inactive|tomsucksatpiano has 15 seconds left.
|inactive|sharp_claw has 30 seconds left.
|
|t:|1685415798
|switch|p2a: Barraskewda|Barraskewda, L80, F|229/229
|-end|p1a: Exeggutor|Dynamax
|-heal|p1a: Exeggutor|166/307|[silent]
|switch|p1a: Lunala|Lunala, L72|316/316
|
|upkeep
|turn|30
|inactive|tomsucksatpiano has 25 seconds left this turn.
|inactive|tomsucksatpiano has 20 seconds left.
|inactive|sharp_claw has 30 seconds left.
|inactive|tomsucksatpiano has 15 seconds left.
|
|t:|1685415816
|move|p2a: Barraskewda|Liquidation|p1a: Lunala
|-damage|p1a: Lunala|228/316
|move|p1a: Lunala|Moongeist Beam|p2a: Barraskewda
|-damage|p2a: Barraskewda|78/229
|
|-heal|p1a: Lunala|247/316|[from] item: Leftovers
|upkeep
|turn|31
|inactive|tomsucksatpiano has 25 seconds left this turn.
|inactive|sharp_claw has 30 seconds left.
|inactive|tomsucksatpiano has 20 seconds left.
|inactive|tomsucksatpiano has 15 seconds left.
|inactive|tomsucksatpiano has 10 seconds left.
|
|t:|1685415833
|move|p2a: Barraskewda|Liquidation|p1a: Lunala
|-damage|p1a: Lunala|63/316
|-unboost|p1a: Lunala|def|1
|move|p1a: Lunala|Roost|p1a: Lunala
|-heal|p1a: Lunala|221/316
|-singleturn|p1a: Lunala|move: Roost
|
|-heal|p1a: Lunala|240/316|[from] item: Leftovers
|upkeep
|turn|32
|inactive|tomsucksatpiano has 20 seconds left this turn.
|inactive|tomsucksatpiano has 15 seconds left.
|
|t:|1685415843
|switch|p1a: Exeggutor|Exeggutor-Alola, L87, M|166/307
|-item|p2a: Barraskewda|Choice Band|[from] ability: Frisk|[of] p1a: Exeggutor|[identify]
|move|p2a: Barraskewda|Liquidation|p1a: Exeggutor
|-resisted|p1a: Exeggutor
|-damage|p1a: Exeggutor|128/307
|
|upkeep
|turn|33
|inactive|tomsucksatpiano has 25 seconds left this turn.
|inactive|tomsucksatpiano has 20 seconds left.
|inactive|tomsucksatpiano has 15 seconds left.
|inactive|tomsucksatpiano has 10 seconds left.
|
|t:|1685415859
|switch|p2a: Azelf|Azelf, L82|232/257
|move|p1a: Exeggutor|Trick Room|p1a: Exeggutor
|-fieldstart|move: Trick Room|[of] p1a: Exeggutor
|
|upkeep
|turn|34
|inactive|tomsucksatpiano has 20 seconds left this turn.
|inactive|tomsucksatpiano has 15 seconds left.
|inactive|tomsucksatpiano has 10 seconds left.
|
|t:|1685415873
|switch|p2a: Shedinja|Shedinja, L88|1/1
|move|p1a: Exeggutor|Giga Drain|p2a: Shedinja
|-immune|p2a: Shedinja|[from] ability: Wonder Guard
|
|upkeep
|turn|35
|inactive|tomsucksatpiano has 20 seconds left this turn.
|inactive|tomsucksatpiano has 15 seconds left.
|
|t:|1685415880
|move|p1a: Exeggutor|Flamethrower|p2a: Shedinja
|-supereffective|p2a: Shedinja
|-damage|p2a: Shedinja|0 fnt
|faint|p2a: Shedinja
|-damage|p1a: Exeggutor|98/307|[from] item: Life Orb
|
|upkeep
|inactive|tomsucksatpiano has 20 seconds left this turn.
|inactive|tomsucksatpiano has 15 seconds left.
|inactive|tomsucksatpiano has 10 seconds left.
|
|t:|1685415891
|switch|p2a: Azelf|Azelf, L82|232/257
|turn|36
|inactive|tomsucksatpiano has 20 seconds left this turn.
|inactive|sharp_claw has 60 seconds left.
|inactive|tomsucksatpiano has 15 seconds left.
|
|t:|1685415902
|move|p1a: Exeggutor|Giga Drain|p2a: Azelf
|-damage|p2a: Azelf|63/257
|-heal|p1a: Exeggutor|183/307|[from] drain|[of] p2a: Azelf
|-damage|p1a: Exeggutor|153/307|[from] item: Life Orb
|move|p2a: Azelf|Dazzling Gleam|p1a: Exeggutor
|-supereffective|p1a: Exeggutor
|-damage|p1a: Exeggutor|0 fnt
|faint|p1a: Exeggutor
|-damage|p2a: Azelf|38/257|[from] item: Life Orb
|
|upkeep
|inactive|tomsucksatpiano has 20 seconds left this turn.
|
|t:|1685415905
|switch|p1a: Weavile|Weavile, L79, F|240/240
|turn|37
|inactive|tomsucksatpiano has 30 seconds left this turn.
|inactive|tomsucksatpiano has 20 seconds left.
|inactive|tomsucksatpiano has 15 seconds left.
|
|t:|1685415924
|move|p1a: Weavile|Ice Shard|p2a: Azelf
|-damage|p2a: Azelf|0 fnt
|faint|p2a: Azelf
|
|-fieldend|move: Trick Room
|upkeep
|inactive|tomsucksatpiano has 20 seconds left this turn.
|inactive|tomsucksatpiano has 15 seconds left.
|
|t:|1685415930
|switch|p2a: Barraskewda|Barraskewda, L80, F|78/229
|turn|38
|inactive|tomsucksatpiano has 25 seconds left this turn.
|inactive|tomsucksatpiano has 20 seconds left.
|
|t:|1685415938
|move|p1a: Weavile|Ice Shard|p2a: Barraskewda
|-resisted|p2a: Barraskewda
|-damage|p2a: Barraskewda|50/229
|move|p2a: Barraskewda|Liquidation|p1a: Weavile
|-damage|p1a: Weavile|38/240
|
|upkeep
|turn|39
|inactive|tomsucksatpiano has 30 seconds left this turn.
|
|t:|1685415945
|move|p1a: Weavile|Ice Shard|p2a: Barraskewda
|-resisted|p2a: Barraskewda
|-damage|p2a: Barraskewda|18/229
|move|p2a: Barraskewda|Liquidation|p1a: Weavile
|-damage|p1a: Weavile|0 fnt
|faint|p1a: Weavile
|
|upkeep
|inactive|tomsucksatpiano has 30 seconds left this turn.
|
|t:|1685415947
|switch|p1a: Lunala|Lunala, L72|240/316
|turn|40
|
|t:|1685415955
|move|p2a: Barraskewda|Liquidation|p1a: Lunala
|-crit|p1a: Lunala
|-damage|p1a: Lunala|0 fnt
|faint|p1a: Lunala
|
|win|tomsucksatpiano
|c|☆sharp_claw|risked a crit, foolishly...
|c|☆sharp_claw|omg
|c|☆tomsucksatpiano|WOW
|c|☆sharp_claw|it happened
|c|☆sharp_claw|lmao
|c|☆sharp_claw|ggs
|c|☆tomsucksatpiano|i did NOT deserve that win
|c|☆tomsucksatpiano|sorry
|c|☆tomsucksatpiano|ggwp
|c|☆sharp_claw|ggs
|c|☆tomsucksatpiano|i was so lost in that endgame due to time trouble
|c|☆sharp_claw|I shoulda been smart w/weavile
|c|☆sharp_claw|it was my mistake to give you the extra chance to crit
|c|☆tomsucksatpiano|yeah i guess you're right
|c|☆tomsucksatpiano|still though, wp wp
|c|☆sharp_claw|gl in the rest!
|c|☆tomsucksatpiano|thanks! i'll need it lol
