{"id": "gen8randombattle-1861858620", "p1": "KJ.nyc", "p2": "woojin2133", "format": "[Gen 8] Random Battle", "log": "|j|\u2606KJ.nyc\n|j|\u2606woojin2133\n|t:|1683815545\n|gametype|singles\n|player|p1|KJ.nyc|hilbert|1467\n|player|p2|woojin2133|266|1317\n|teamsize|p1|6\n|teamsize|p2|6\n|gen|8\n|tier|[Gen 8] Random Battle\n|rated|\n|rule|Species Clause: Limit one of each Pok\u00e9mon\n|rule|HP Percentage Mod: HP is shown in percentages\n|rule|Sleep Clause Mod: Limit one foe put to sleep\n|\n|t:|1683815545\n|start\n|switch|p1a: Appletun|Appletun, L90, M|344/344\n|switch|p2a: Weezing|Weezing-Galar, L86, M|252/252\n|-ability|p2a: Weezing|Neutralizing Gas\n|turn|1\n|inactive|Battle timer is ON: inactive players will automatically lose when time's up. (requested by woojin2133)\n|c|\u2606KJ.nyc|glhf\n|\n|t:|1683815562\n|switch|p1a: Sandslash|Sandslash, L86, F|269/269\n|move|p2a: Weezing|Toxic Spikes|p1a: Sandslash\n|-sidestart|p1: KJ.nyc|move: Toxic Spikes\n|\n|upkeep\n|turn|2\n|inactive|woojin2133 has 120 seconds left.\n|\n|t:|1683815593\n|-end|p2a: Weezing|ability: Neutralizing Gas\n|switch|p2a: Tornadus|Tornadus-Therian, L78, M|251/251\n|move|p1a: Sandslash|Earthquake|p2a: Tornadus\n|-immune|p2a: Tornadus\n|\n|upkeep\n|turn|3\n|inactive|woojin2133 has 120 seconds left.\n|\n|t:|1683815611\n|move|p2a: Tornadus|Hurricane|p1a: Sandslash\n|-damage|p1a: Sandslash|112/269\n|-start|p1a: Sandslash|confusion\n|-activate|p1a: Sandslash|confusion\n|move|p1a: Sandslash|Stone Edge|p2a: Tornadus\n|-supereffective|p2a: Tornadus\n|-damage|p2a: Tornadus|35/251\n|-damage|p1a: Sandslash|86/269|[from] item: Life Orb\n|\n|upkeep\n|turn|4\n|inactive|woojin2133 has 120 seconds left.\n|\n|t:|1683815635\n|move|p2a: Tornadus|Hurricane|p1a: Sandslash|[miss]\n|-miss|p2a: Tornadus|p1a: Sandslash\n|-activate|p1a: Sandslash|confusion\n|move|p1a: Sandslash|Knock Off|p2a: Tornadus\n|-damage|p2a: Tornadus|0 fnt\n|-enditem|p2a: Tornadus|Heavy-Duty Boots|[from] move: Knock Off|[of] p1a: Sandslash\n|faint|p2a: Tornadus\n|-damage|p1a: Sandslash|60/269|[from] item: Life Orb\n|\n|upkeep\n|\n|t:|1683815657\n|switch|p2a: Scrafty|Scrafty, L82, M|241/241\n|-ability|p2a: Scrafty|Intimidate|boost\n|-unboost|p1a: Sandslash|atk|1\n|turn|5\n|inactive|KJ.nyc has 120 seconds left.\n|\n|t:|1683815685\n|-activate|p1a: Sandslash|confusion\n|move|p1a: Sandslash|Knock Off|p2a: Scrafty\n|-resisted|p2a: Scrafty\n|-damage|p2a: Scrafty|227/241\n|-enditem|p2a: Scrafty|Lum Berry|[from] move: Knock Off|[of] p1a: Sandslash\n|-damage|p1a: Sandslash|34/269|[from] item: Life Orb\n|move|p2a: Scrafty|Dragon Dance|p2a: Scrafty\n|-boost|p2a: Scrafty|atk|1\n|-boost|p2a: Scrafty|spe|1\n|\n|upkeep\n|turn|6\n|inactive|woojin2133 has 90 seconds left.\n|\n|t:|1683815711\n|move|p2a: Scrafty|Dragon Dance|p2a: Scrafty\n|-boost|p2a: Scrafty|atk|1\n|-boost|p2a: Scrafty|spe|1\n|-activate|p1a: Sandslash|confusion\n|move|p1a: Sandslash|Earthquake|p2a: Scrafty\n|-damage|p2a: Scrafty|149/241\n|-damage|p1a: Sandslash|8/269|[from] item: Life Orb\n|\n|upkeep\n|turn|7\n|inactive|woojin2133 has 90 seconds left.\n|\n|t:|1683815723\n|move|p2a: Scrafty|Poison Jab|p1a: Sandslash\n|-resisted|p1a: Sandslash\n|-damage|p1a: Sandslash|0 fnt\n|faint|p1a: Sandslash\n|\n|upkeep\n|\n|t:|1683815731\n|switch|p1a: Heracross|Heracross, L82, F|265/265\n|-status|p1a: Heracross|psn\n|turn|8\n|inactive|woojin2133 has 90 seconds left.\n|\n|t:|1683815755\n|-start|p1a: Heracross|Dynamax|\n|-heal|p1a: Heracross|530/530 psn|[silent]\n|move|p2a: Scrafty|Poison Jab|p1a: Heracross\n|-crit|p1a: Heracross\n|-damage|p1a: Heracross|364/530 psn\n|move|p1a: Heracross|Max Knuckle|p2a: Scrafty\n|-supereffective|p2a: Scrafty\n|-damage|p2a: Scrafty|0 fnt\n|-boost|p1a: Heracross|atk|1\n|faint|p2a: Scrafty\n|\n|-damage|p1a: Heracross|331/530 psn|[from] psn\n|upkeep\n|\n|t:|1683815781\n|switch|p2a: Copperajah|Copperajah, L84, F|342/342\n|turn|9\n|\n|t:|1683815786\n|switch|p2a: Weezing|Weezing-Galar, L86, M|252/252\n|-ability|p2a: Weezing|Neutralizing Gas\n|move|p1a: Heracross|Max Knuckle|p2a: Weezing\n|-resisted|p2a: Weezing\n|-damage|p2a: Weezing|220/252\n|-boost|p1a: Heracross|atk|1\n|\n|-heal|p2a: Weezing|235/252|[from] item: Black Sludge\n|-damage|p1a: Heracross|298/530 psn|[from] psn\n|upkeep\n|turn|10\n|\n|t:|1683815812\n|move|p1a: Heracross|Max Strike|p2a: Weezing\n|-damage|p2a: Weezing|73/252\n|-unboost|p2a: Weezing|spe|1\n|move|p2a: Weezing|Sludge Bomb|p1a: Heracross\n|-damage|p1a: Heracross|217/530 psn\n|\n|-heal|p2a: Weezing|88/252|[from] item: Black Sludge\n|-damage|p1a: Heracross|184/530 psn|[from] psn\n|upkeep\n|-end|p1a: Heracross|Dynamax\n|-heal|p1a: Heracross|92/265 psn|[silent]\n|turn|11\n|inactive|woojin2133 has 60 seconds left.\n|\n|t:|1683815837\n|move|p1a: Heracross|Facade|p2a: Weezing\n|-damage|p2a: Weezing|0 fnt\n|faint|p2a: Weezing\n|-end|p2a: Weezing|ability: Neutralizing Gas\n|\n|-damage|p1a: Heracross|59/265 psn|[from] psn\n|upkeep\n|\n|t:|1683815846\n|switch|p2a: Arctovish|Arctovish, L86|295/295\n|turn|12\n|inactive|woojin2133 has 60 seconds left.\n|\n|t:|1683815864\n|-start|p2a: Arctovish|Dynamax|\n|-heal|p2a: Arctovish|590/590|[silent]\n|move|p1a: Heracross|Close Combat|p2a: Arctovish\n|-supereffective|p2a: Arctovish\n|-damage|p2a: Arctovish|0 fnt\n|-unboost|p1a: Heracross|def|1\n|-unboost|p1a: Heracross|spd|1\n|faint|p2a: Arctovish\n|\n|-damage|p1a: Heracross|26/265 psn|[from] psn\n|upkeep\n|inactive|woojin2133 has 60 seconds left.\n|-message|woojin2133 forfeited.\n|\n|win|KJ.nyc\n|raw|KJ.nyc's rating: 1467 &rarr; <strong>1479</strong><br />(+12 for winning)\n|raw|woojin2133's rating: 1317 &rarr; <strong>1305</strong><br />(-12 for losing)\n|l|\u2606woojin2133\n", "inputlog": ">version bce759c5f189753f4322d11c9e5aa78bbe1b1bf9\n>start {\"formatid\":\"gen8randombattle\",\"seed\":[44052,29779,32908,50024],\"rated\":\"Rated battle\"}\n>player p1 {\"name\":\"KJ.nyc\",\"avatar\":\"hilbert\",\"rating\":1467,\"seed\":[23295,23231,5940,55851]}\n>player p2 {\"name\":\"woojin2133\",\"avatar\":\"266\",\"rating\":1317,\"seed\":[19598,48154,9868,61778]}\n>chat \u2606KJ.nyc|glhf\n>p1 switch 3\n>p2 move toxicspikes\n>p1 move earthquake\n>p2 switch 2\n>p1 move stoneedge\n>p2 move hurricane\n>p1 move knockoff\n>p2 move hurricane\n>p2 switch 4\n>p1 move knockoff\n>p2 move dragondance\n>p1 move earthquake\n>p2 move dragondance\n>p1 move earthquake\n>p2 move poisonjab\n>p1 switch 4\n>p1 move closecombat dynamax\n>p2 move poisonjab\n>p2 switch 6\n>p1 move closecombat dynamax\n>p2 switch 2\n>p1 move facade dynamax\n>p2 move sludgebomb\n>p1 move facade\n>p2 move strangesteam\n>p2 switch 5\n>p1 move closecombat\n>p2 move fishiousrend dynamax\n>forcelose p2", "uploadtime": 1683815875, "views": 3, "p1id": "kjnyc", "p2id": "woojin2133", "formatid": "gen8randombattle", "rating": 1305, "private": 0, "password": ""}