|j|☆Mandava
|j|☆Andreslamama
|t:|1685539130
|gametype|singles
|player|p1|Mandava|swimmer-gen4dp|
|player|p2|Andreslamama|265|
|teamsize|p1|6
|teamsize|p2|6
|gen|8
|tier|[Gen 8] Random Battle
|rule|Species Clause: Limit one of each Pokémon
|rule|HP Percentage Mod: HP is shown in percentages
|rule|Sleep Clause Mod: Limit one foe put to sleep
|
|t:|1685539130
|start
|switch|p1a: Moltres|Moltres-Galar, L75|259/259
|switch|p2a: Hitmonchan|Hitmonchan, L86, M|226/226
|turn|1
|
|t:|1685539170
|switch|p2a: Rayquaza|Rayquaza, L74|277/277
|-ability|p2a: Rayquaza|Air Lock
|move|p1a: Moltres|Hurricane|p2a: Rayquaza|[miss]
|-miss|p1a: Moltres|p2a: Rayquaza
|
|upkeep
|turn|2
|
|t:|1685539213
|switch|p1a: Coalossal|Coalossal, L87, F|333/333
|move|p2a: Rayquaza|Dragon Ascent|p1a: Coalossal
|-resisted|p1a: Coalossal
|-damage|p1a: Coalossal|281/333
|-unboost|p2a: Rayquaza|def|1
|-unboost|p2a: Rayquaza|spd|1
|
|upkeep
|turn|3
|
|t:|1685539236
|move|p2a: Rayquaza|Earthquake|p1a: Coalossal
|-supereffective|p1a: Coalossal
|-damage|p1a: Coalossal|37/333
|move|p1a: Coalossal|Stone Edge|p2a: Rayquaza
|-supereffective|p2a: Rayquaza
|-damage|p2a: Rayquaza|0 fnt
|faint|p2a: Rayquaza
|
|upkeep
|
|t:|1685539270
|switch|p2a: Lopunny|Lopunny, L90, F|263/263
|turn|4
|
|t:|1685539277
|move|p2a: Lopunny|Close Combat|p1a: Coalossal
|-supereffective|p1a: Coalossal
|-damage|p1a: Coalossal|0 fnt
|-unboost|p2a: Lopunny|def|1
|-unboost|p2a: Lopunny|spd|1
|faint|p1a: Coalossal
|
|-status|p2a: Lopunny|tox|[from] item: Toxic Orb
|upkeep
|
|t:|1685539282
|switch|p1a: Zygarde|Zygarde-10%, L82|223/223
|-ability|p1a: Zygarde|Aura Break
|turn|5
|
|t:|1685539289
|move|p1a: Zygarde|Extreme Speed|p2a: Lopunny
|-damage|p2a: Lopunny|163/263 tox
|-damage|p1a: Zygarde|201/223|[from] item: Life Orb
|move|p2a: Lopunny|Close Combat|p1a: Zygarde
|-damage|p1a: Zygarde|101/223
|-unboost|p2a: Lopunny|def|1
|-unboost|p2a: Lopunny|spd|1
|
|-damage|p2a: Lopunny|147/263 tox|[from] psn
|upkeep
|turn|6
|
|t:|1685539308
|move|p2a: Lopunny|Switcheroo|p1a: Zygarde
|-activate|p2a: Lopunny|move: Trick|[of] p1a: Zygarde
|-item|p1a: Zygarde|Toxic Orb|[from] move: Switcheroo
|-item|p2a: Lopunny|Life Orb|[from] move: Switcheroo
|move|p1a: Zygarde|Outrage|p2a: Lopunny
|-damage|p2a: Lopunny|0 fnt
|faint|p2a: Lopunny
|
|-status|p1a: Zygarde|tox|[from] item: Toxic Orb
|upkeep
|
|t:|1685539328
|switch|p2a: Hitmonchan|Hitmonchan, L86, M|226/226
|turn|7
|
|t:|1685539333
|move|p2a: Hitmonchan|Mach Punch|p1a: Zygarde
|-damage|p1a: Zygarde|19/223 tox
|-damage|p2a: Hitmonchan|204/226|[from] item: Life Orb
|move|p1a: Zygarde|Outrage|p2a: Hitmonchan|[from]lockedmove
|-damage|p2a: Hitmonchan|80/226
|-start|p1a: Zygarde|confusion|[fatigue]
|
|-damage|p1a: Zygarde|6/223 tox|[from] psn
|upkeep
|turn|8
|
|t:|1685539350
|-activate|p1a: Zygarde|confusion
|-damage|p1a: Zygarde|0 fnt|[from] confusion
|faint|p1a: Zygarde
|move|p2a: Hitmonchan|Bulk Up|p2a: Hitmonchan
|-boost|p2a: Hitmonchan|atk|1
|-boost|p2a: Hitmonchan|def|1
|
|upkeep
|
|t:|1685539362
|switch|p1a: Moltres|Moltres-Galar, L75|259/259
|turn|9
|
|t:|1685539382
|switch|p2a: Zeraora|Zeraora, L76|259/259
|-start|p1a: Moltres|Dynamax|
|-heal|p1a: Moltres|518/518|[silent]
|move|p1a: Moltres|Max Airstream|p2a: Zeraora
|-resisted|p2a: Zeraora
|-damage|p2a: Zeraora|184/259
|-boost|p1a: Moltres|spe|1
|
|upkeep
|turn|10
|
|t:|1685539399
|-start|p2a: Zeraora|Dynamax|
|-heal|p2a: Zeraora|368/518|[silent]
|move|p1a: Moltres|Max Darkness|p2a: Zeraora
|-damage|p2a: Zeraora|239/518
|-unboost|p2a: Zeraora|spd|1
|move|p2a: Zeraora|Max Lightning|p1a: Moltres
|-supereffective|p1a: Moltres
|-damage|p1a: Moltres|136/518
|-fieldstart|move: Electric Terrain
|-ability|p1a: Moltres|Berserk|boost
|-boost|p1a: Moltres|spa|1
|-damage|p2a: Zeraora|214/518|[from] item: Life Orb
|
|upkeep
|turn|11
|
|t:|1685539422
|move|p1a: Moltres|Max Darkness|p2a: Zeraora
|-damage|p2a: Zeraora|0 fnt
|faint|p2a: Zeraora
|
|upkeep
|
|t:|1685539442
|switch|p2a: Dragalge|Dragalge, L86, M|252/252
|-end|p1a: Moltres|Dynamax
|-heal|p1a: Moltres|68/259|[silent]
|turn|12
|
|t:|1685539454
|move|p1a: Moltres|Fiery Wrath|p2a: Dragalge
|-damage|p2a: Dragalge|168/252
|move|p2a: Dragalge|Dragon Pulse|p1a: Moltres
|-damage|p1a: Moltres|0 fnt
|faint|p1a: Moltres
|
|-heal|p2a: Dragalge|183/252|[from] item: Black Sludge
|upkeep
|
|t:|1685539470
|switch|p1a: Scrafty|Scrafty, L82, M|241/241
|turn|13
|
|t:|1685539477
|move|p1a: Scrafty|Ice Punch|p2a: Dragalge
|-supereffective|p2a: Dragalge
|-damage|p2a: Dragalge|57/252
|move|p2a: Dragalge|Toxic Spikes|p1a: Scrafty
|-sidestart|p1: Mandava|move: Toxic Spikes
|
|-heal|p2a: Dragalge|72/252|[from] item: Black Sludge
|upkeep
|turn|14
|
|t:|1685539489
|switch|p2a: Roserade|Roserade, L84, M|238/238
|move|p1a: Scrafty|Ice Punch|p2a: Roserade
|-supereffective|p2a: Roserade
|-damage|p2a: Roserade|48/238
|-status|p2a: Roserade|frz
|
|-heal|p2a: Roserade|62/238 frz|[from] item: Black Sludge
|-fieldend|move: Electric Terrain
|upkeep
|turn|15
|
|t:|1685539503
|cant|p2a: Roserade|frz
|move|p1a: Scrafty|Ice Punch|p2a: Roserade
|-supereffective|p2a: Roserade
|-damage|p2a: Roserade|0 fnt
|faint|p2a: Roserade
|-ability|p1a: Scrafty|Moxie|boost
|-boost|p1a: Scrafty|atk|1
|
|upkeep
|
|t:|1685539518
|switch|p2a: Hitmonchan|Hitmonchan, L86, M|80/226
|turn|16
|
|t:|1685539524
|move|p2a: Hitmonchan|Drain Punch|p1a: Scrafty
|-supereffective|p1a: Scrafty
|-damage|p1a: Scrafty|4/241
|-heal|p2a: Hitmonchan|199/226|[from] drain|[of] p1a: Scrafty
|-damage|p2a: Hitmonchan|177/226|[from] item: Life Orb
|move|p1a: Scrafty|Ice Punch|p2a: Hitmonchan
|-damage|p2a: Hitmonchan|60/226
|
|upkeep
|turn|17
|
|t:|1685539538
|switch|p1a: Boltund|Boltund, L84, F|253/253
|-status|p1a: Boltund|psn
|move|p2a: Hitmonchan|Drain Punch|p1a: Boltund
|-damage|p1a: Boltund|68/253 psn
|-heal|p2a: Hitmonchan|153/226|[from] drain|[of] p1a: Boltund
|-damage|p2a: Hitmonchan|131/226|[from] item: Life Orb
|
|-damage|p1a: Boltund|37/253 psn|[from] psn
|upkeep
|turn|18
|
|t:|1685539550
|move|p1a: Boltund|Crunch|p2a: Hitmonchan
|-resisted|p2a: Hitmonchan
|-damage|p2a: Hitmonchan|78/226
|-damage|p1a: Boltund|12/253 psn|[from] item: Life Orb
|move|p2a: Hitmonchan|Drain Punch|p1a: Boltund
|-damage|p1a: Boltund|0 fnt
|-heal|p2a: Hitmonchan|84/226|[from] drain|[of] p1a: Boltund
|faint|p1a: Boltund
|-damage|p2a: Hitmonchan|62/226|[from] item: Life Orb
|
|upkeep
|
|t:|1685539553
|switch|p1a: Pyukumuku|Pyukumuku, L84, M|230/230
|-status|p1a: Pyukumuku|psn
|turn|19
|
|t:|1685539564
|move|p2a: Hitmonchan|Drain Punch|p1a: Pyukumuku
|-damage|p1a: Pyukumuku|135/230 psn
|-heal|p2a: Hitmonchan|110/226|[from] drain|[of] p1a: Pyukumuku
|-damage|p2a: Hitmonchan|88/226|[from] item: Life Orb
|move|p1a: Pyukumuku|Counter|p2a: Hitmonchan
|-damage|p2a: Hitmonchan|0 fnt
|faint|p2a: Hitmonchan
|
|-heal|p1a: Pyukumuku|149/230 psn|[from] item: Leftovers
|-damage|p1a: Pyukumuku|121/230 psn|[from] psn
|upkeep
|
|t:|1685539575
|switch|p2a: Dragalge|Dragalge, L86, M|72/252
|turn|20
|
|t:|1685539585
|move|p2a: Dragalge|Dragon Pulse|p1a: Pyukumuku
|-crit|p1a: Pyukumuku
|-damage|p1a: Pyukumuku|0 fnt
|faint|p1a: Pyukumuku
|
|-heal|p2a: Dragalge|87/252|[from] item: Black Sludge
|upkeep
|
|t:|1685539589
|switch|p1a: Scrafty|Scrafty, L82, M|4/241
|-status|p1a: Scrafty|psn
|turn|21
|
|t:|1685539596
|move|p1a: Scrafty|Ice Punch|p2a: Dragalge
|-supereffective|p2a: Dragalge
|-damage|p2a: Dragalge|0 fnt
|faint|p2a: Dragalge
|
|win|Mandava
|l|☆Mandava
|l|☆Andreslamama
|j|☆Mandava
|player|p1|Mandava|swimmer-gen4dp
