{"id": "gen8randombattle-1874822867", "p1": "Erlam", "p2": "LiJing0520", "format": "[Gen 8] Random Battle", "log": "|j|\u2606Erlam\n|j|\u2606LiJing0520\n|t:|1685544130\n|gametype|singles\n|player|p1|Erlam|102|1249\n|player|p2|LiJing0520|2|1285\n|teamsize|p1|6\n|teamsize|p2|6\n|gen|8\n|tier|[Gen 8] Random Battle\n|rated|\n|rule|Species Clause: Limit one of each Pok\u00e9mon\n|rule|HP Percentage Mod: HP is shown in percentages\n|rule|Sleep Clause Mod: Limit one foe put to sleep\n|\n|t:|1685544130\n|start\n|switch|p1a: Carbink|Carbink, L86|226/226\n|switch|p2a: Zacian|Zacian, L68|238/238\n|-ability|p2a: Zacian|Intrepid Sword|boost\n|-boost|p2a: Zacian|atk|1\n|turn|1\n|inactive|Battle timer is ON: inactive players will automatically lose when time's up. (requested by LiJing0520)\n|\n|t:|1685544146\n|switch|p2a: Steelix|Steelix, L84, F|263/263\n|move|p1a: Carbink|Light Screen|p1a: Carbink\n|-sidestart|p1: Erlam|move: Light Screen\n|\n|upkeep\n|turn|2\n|\n|t:|1685544161\n|switch|p1a: Cradily|Cradily, L86, F|288/288\n|move|p2a: Steelix|Dragon Dance|p2a: Steelix\n|-boost|p2a: Steelix|atk|1\n|-boost|p2a: Steelix|spe|1\n|\n|upkeep\n|turn|3\n|\n|t:|1685544171\n|move|p2a: Steelix|Heavy Slam|p1a: Cradily\n|-supereffective|p1a: Cradily\n|-damage|p1a: Cradily|0 fnt\n|faint|p1a: Cradily\n|\n|upkeep\n|\n|t:|1685544179\n|switch|p1a: Pheromosa|Pheromosa, L75|230/230\n|turn|4\n|\n|t:|1685544190\n|-start|p2a: Steelix|Dynamax|\n|-heal|p2a: Steelix|526/526|[silent]\n|move|p1a: Pheromosa|Close Combat|p2a: Steelix\n|-supereffective|p2a: Steelix\n|-damage|p2a: Steelix|368/526\n|-unboost|p1a: Pheromosa|def|1\n|-unboost|p1a: Pheromosa|spd|1\n|move|p2a: Steelix|Max Rockfall|p1a: Pheromosa\n|-damage|p1a: Pheromosa|0 fnt\n|-weather|Sandstorm\n|faint|p1a: Pheromosa\n|\n|-weather|Sandstorm|[upkeep]\n|-heal|p2a: Steelix|384/526|[from] item: Leftovers\n|upkeep\n|\n|t:|1685544210\n|switch|p1a: Ditto|Ditto, L76|198/198\n|-transform|p1a: Ditto|p2a: Steelix|[from] ability: Imposter\n|turn|5\n|\n|t:|1685544221\n|move|p1a: Ditto|Dragon Dance|p1a: Ditto\n|-boost|p1a: Ditto|atk|1\n|-boost|p1a: Ditto|spe|1\n|move|p2a: Steelix|Max Quake|p1a: Ditto\n|-supereffective|p1a: Ditto\n|-damage|p1a: Ditto|24/198\n|-boost|p2a: Steelix|spd|1\n|\n|-weather|Sandstorm|[upkeep]\n|-heal|p2a: Steelix|400/526|[from] item: Leftovers\n|upkeep\n|turn|6\n|\n|t:|1685544236\n|-start|p1a: Ditto|Dynamax|\n|-heal|p1a: Ditto|48/396|[silent]\n|move|p1a: Ditto|Max Quake|p2a: Steelix\n|-supereffective|p2a: Steelix\n|-crit|p2a: Steelix\n|-damage|p2a: Steelix|70/526\n|-boost|p1a: Ditto|spd|1\n|move|p2a: Steelix|Max Quake|p1a: Ditto\n|-supereffective|p1a: Ditto\n|-damage|p1a: Ditto|0 fnt\n|-boost|p2a: Steelix|spd|1\n|faint|p1a: Ditto\n|\n|-weather|Sandstorm|[upkeep]\n|-heal|p2a: Steelix|86/526|[from] item: Leftovers\n|upkeep\n|\n|t:|1685544249\n|switch|p1a: Conkeldurr|Conkeldurr, L80, F|299/299\n|-end|p2a: Steelix|Dynamax\n|-heal|p2a: Steelix|43/263|[silent]\n|turn|7\n|\n|t:|1685544259\n|move|p1a: Conkeldurr|Mach Punch|p2a: Steelix\n|-supereffective|p2a: Steelix\n|-damage|p2a: Steelix|0 fnt\n|faint|p2a: Steelix\n|\n|-weather|Sandstorm|[upkeep]\n|-damage|p1a: Conkeldurr|281/299|[from] Sandstorm\n|-status|p1a: Conkeldurr|brn|[from] item: Flame Orb\n|upkeep\n|\n|t:|1685544270\n|switch|p2a: Arcanine|Arcanine, L82, F|282/282\n|turn|8\n|\n|t:|1685544280\n|switch|p2a: Azumarill|Azumarill, L84, F|305/305\n|move|p1a: Conkeldurr|Facade|p2a: Azumarill\n|-damage|p2a: Azumarill|100/305\n|\n|-weather|none\n|-damage|p1a: Conkeldurr|263/299 brn|[from] brn\n|-sideend|p1: Erlam|move: Light Screen\n|upkeep\n|turn|9\n|\n|t:|1685544292\n|move|p2a: Azumarill|Aqua Jet|p1a: Conkeldurr\n|-damage|p1a: Conkeldurr|185/299 brn\n|move|p1a: Conkeldurr|Mach Punch|p2a: Azumarill\n|-resisted|p2a: Azumarill\n|-damage|p2a: Azumarill|61/305\n|\n|-damage|p1a: Conkeldurr|167/299 brn|[from] brn\n|upkeep\n|turn|10\n|\n|t:|1685544299\n|move|p2a: Azumarill|Aqua Jet|p1a: Conkeldurr\n|-damage|p1a: Conkeldurr|88/299 brn\n|move|p1a: Conkeldurr|Facade|p2a: Azumarill\n|-damage|p2a: Azumarill|0 fnt\n|faint|p2a: Azumarill\n|\n|-damage|p1a: Conkeldurr|70/299 brn|[from] brn\n|upkeep\n|\n|t:|1685544309\n|switch|p2a: Arcanine|Arcanine, L82, F|282/282\n|turn|11\n|\n|t:|1685544314\n|move|p2a: Arcanine|Extreme Speed|p1a: Conkeldurr\n|-damage|p1a: Conkeldurr|12/299 brn\n|move|p1a: Conkeldurr|Drain Punch|p2a: Arcanine\n|-damage|p2a: Arcanine|129/282\n|-heal|p1a: Conkeldurr|89/299 brn|[from] drain|[of] p2a: Arcanine\n|\n|-damage|p1a: Conkeldurr|71/299 brn|[from] brn\n|upkeep\n|turn|12\n|\n|t:|1685544325\n|move|p2a: Arcanine|Flare Blitz|p1a: Conkeldurr\n|-crit|p1a: Conkeldurr\n|-damage|p1a: Conkeldurr|0 fnt\n|faint|p1a: Conkeldurr\n|-damage|p2a: Arcanine|106/282|[from] Recoil\n|\n|upkeep\n|\n|t:|1685544333\n|switch|p1a: Carbink|Carbink, L86|226/226\n|turn|13\n|\n|t:|1685544342\n|move|p2a: Arcanine|Will-O-Wisp|p1a: Carbink\n|-status|p1a: Carbink|brn\n|move|p1a: Carbink|Moonblast|p2a: Arcanine\n|-resisted|p2a: Arcanine\n|-crit|p2a: Arcanine\n|-damage|p2a: Arcanine|50/282\n|\n|-damage|p1a: Carbink|212/226 brn|[from] brn\n|upkeep\n|turn|14\n|\n|t:|1685544351\n|move|p2a: Arcanine|Morning Sun|p2a: Arcanine\n|-heal|p2a: Arcanine|191/282\n|move|p1a: Carbink|Moonblast|p2a: Arcanine\n|-resisted|p2a: Arcanine\n|-damage|p2a: Arcanine|158/282\n|\n|-damage|p1a: Carbink|198/226 brn|[from] brn\n|upkeep\n|turn|15\n|\n|t:|1685544367\n|move|p2a: Arcanine|Morning Sun|p2a: Arcanine\n|-heal|p2a: Arcanine|282/282\n|move|p1a: Carbink|Body Press|p2a: Arcanine\n|-damage|p2a: Arcanine|237/282\n|\n|-damage|p1a: Carbink|184/226 brn|[from] brn\n|upkeep\n|turn|16\n|\n|t:|1685544379\n|switch|p2a: Exeggutor|Exeggutor, L86, M|304/304\n|move|p1a: Carbink|Moonblast|p2a: Exeggutor\n|-damage|p2a: Exeggutor|231/304\n|\n|-damage|p1a: Carbink|170/226 brn|[from] brn\n|upkeep\n|turn|17\n|\n|t:|1685544390\n|move|p2a: Exeggutor|Leech Seed|p1a: Carbink\n|-start|p1a: Carbink|move: Leech Seed\n|move|p1a: Carbink|Body Press|p2a: Exeggutor\n|-resisted|p2a: Exeggutor\n|-damage|p2a: Exeggutor|210/304\n|\n|-damage|p1a: Carbink|142/226 brn|[from] Leech Seed|[of] p2a: Exeggutor\n|-heal|p2a: Exeggutor|238/304|[silent]\n|-damage|p1a: Carbink|128/226 brn|[from] brn\n|upkeep\n|turn|18\n|\n|t:|1685544402\n|move|p2a: Exeggutor|Psychic|p1a: Carbink\n|-damage|p1a: Carbink|53/226 brn\n|move|p1a: Carbink|Body Press|p2a: Exeggutor\n|-resisted|p2a: Exeggutor\n|-damage|p2a: Exeggutor|218/304\n|\n|-damage|p1a: Carbink|25/226 brn|[from] Leech Seed|[of] p2a: Exeggutor\n|-heal|p2a: Exeggutor|246/304|[silent]\n|-damage|p1a: Carbink|11/226 brn|[from] brn\n|upkeep\n|turn|19\n|\n|t:|1685544415\n|move|p2a: Exeggutor|Substitute|p2a: Exeggutor\n|-start|p2a: Exeggutor|Substitute\n|-damage|p2a: Exeggutor|170/304\n|move|p1a: Carbink|Light Screen|p1a: Carbink\n|-sidestart|p1: Erlam|move: Light Screen\n|\n|-damage|p1a: Carbink|0 fnt|[from] Leech Seed|[of] p2a: Exeggutor\n|-heal|p2a: Exeggutor|181/304|[silent]\n|faint|p1a: Carbink\n|upkeep\n|\n|t:|1685544422\n|switch|p1a: Sylveon|Sylveon, L84, F|297/297\n|turn|20\n|\n|t:|1685544427\n|move|p1a: Sylveon|Hyper Voice|p2a: Exeggutor\n|-damage|p2a: Exeggutor|52/304\n|-enditem|p2a: Exeggutor|Sitrus Berry|[eat]\n|-heal|p2a: Exeggutor|128/304|[from] item: Sitrus Berry\n|move|p2a: Exeggutor|Leech Seed|p1a: Sylveon\n|-start|p1a: Sylveon|move: Leech Seed\n|\n|-damage|p1a: Sylveon|260/297|[from] Leech Seed|[of] p2a: Exeggutor\n|-heal|p2a: Exeggutor|165/304|[silent]\n|-item|p2a: Exeggutor|Sitrus Berry|[from] ability: Harvest\n|upkeep\n|turn|21\n|\n|t:|1685544437\n|move|p1a: Sylveon|Calm Mind|p1a: Sylveon\n|-boost|p1a: Sylveon|spa|1\n|-boost|p1a: Sylveon|spd|1\n|move|p2a: Exeggutor|Sleep Powder|p1a: Sylveon|[miss]\n|-miss|p2a: Exeggutor|p1a: Sylveon\n|\n|-heal|p1a: Sylveon|278/297|[from] item: Leftovers\n|-damage|p1a: Sylveon|241/297|[from] Leech Seed|[of] p2a: Exeggutor\n|-heal|p2a: Exeggutor|202/304|[silent]\n|upkeep\n|turn|22\n|\n|t:|1685544446\n|move|p1a: Sylveon|Calm Mind|p1a: Sylveon\n|-boost|p1a: Sylveon|spa|1\n|-boost|p1a: Sylveon|spd|1\n|move|p2a: Exeggutor|Sleep Powder|p1a: Sylveon|[miss]\n|-miss|p2a: Exeggutor|p1a: Sylveon\n|\n|-heal|p1a: Sylveon|259/297|[from] item: Leftovers\n|-damage|p1a: Sylveon|222/297|[from] Leech Seed|[of] p2a: Exeggutor\n|-heal|p2a: Exeggutor|239/304|[silent]\n|upkeep\n|turn|23\n|\n|t:|1685544456\n|move|p1a: Sylveon|Hyper Voice|p2a: Exeggutor\n|-damage|p2a: Exeggutor|0 fnt\n|faint|p2a: Exeggutor\n|\n|-heal|p1a: Sylveon|240/297|[from] item: Leftovers\n|upkeep\n|\n|t:|1685544464\n|switch|p2a: Arcanine|Arcanine, L82, F|237/282\n|turn|24\n|\n|t:|1685544470\n|move|p2a: Arcanine|Will-O-Wisp|p1a: Sylveon\n|-status|p1a: Sylveon|brn\n|move|p1a: Sylveon|Hyper Voice|p2a: Arcanine\n|-resisted|p2a: Arcanine\n|-damage|p2a: Arcanine|102/282\n|\n|-heal|p1a: Sylveon|258/297 brn|[from] item: Leftovers\n|-damage|p1a: Sylveon|221/297 brn|[from] Leech Seed|[of] p2a: Arcanine\n|-heal|p2a: Arcanine|139/282|[silent]\n|-damage|p1a: Sylveon|203/297 brn|[from] brn\n|upkeep\n|turn|25\n|\n|t:|1685544481\n|move|p2a: Arcanine|Morning Sun|p2a: Arcanine\n|-heal|p2a: Arcanine|280/282\n|move|p1a: Sylveon|Hyper Voice|p2a: Arcanine\n|-resisted|p2a: Arcanine\n|-damage|p2a: Arcanine|146/282\n|\n|-heal|p1a: Sylveon|221/297 brn|[from] item: Leftovers\n|-damage|p1a: Sylveon|184/297 brn|[from] Leech Seed|[of] p2a: Arcanine\n|-heal|p2a: Arcanine|183/282|[silent]\n|-damage|p1a: Sylveon|166/297 brn|[from] brn\n|upkeep\n|turn|26\n|\n|t:|1685544493\n|move|p2a: Arcanine|Morning Sun|p2a: Arcanine\n|-heal|p2a: Arcanine|282/282\n|move|p1a: Sylveon|Calm Mind|p1a: Sylveon\n|-boost|p1a: Sylveon|spa|1\n|-boost|p1a: Sylveon|spd|1\n|\n|-heal|p1a: Sylveon|184/297 brn|[from] item: Leftovers\n|-damage|p1a: Sylveon|147/297 brn|[from] Leech Seed|[of] p2a: Arcanine\n|-damage|p1a: Sylveon|129/297 brn|[from] brn\n|-sideend|p1: Erlam|move: Light Screen\n|upkeep\n|turn|27\n|\n|t:|1685544503\n|move|p2a: Arcanine|Flare Blitz|p1a: Sylveon\n|-damage|p1a: Sylveon|0 fnt\n|faint|p1a: Sylveon\n|-damage|p2a: Arcanine|239/282|[from] Recoil\n|\n|win|LiJing0520\n|raw|Erlam's rating: 1249 &rarr; <strong>1227</strong><br />(-22 for losing)\n|raw|LiJing0520's rating: 1285 &rarr; <strong>1307</strong><br />(+22 for winning)\n|l|\u2606Erlam\n", "inputlog": ">version d94486096666f9f03053a01e17a1c7fdbd408dfa\n>start {\"formatid\":\"gen8randombattle\",\"seed\":[28241,38550,31207,40162],\"rated\":\"Rated battle\"}\n>player p1 {\"name\":\"Erlam\",\"avatar\":\"102\",\"rating\":1249,\"seed\":[51960,29526,50712,40417]}\n>player p2 {\"name\":\"LiJing0520\",\"avatar\":\"2\",\"rating\":1285,\"seed\":[39716,25133,1003,37834]}\n>p1 move lightscreen\n>p2 switch 2\n>p1 switch 6\n>p2 move dragondance\n>p1 move powerwhip\n>p2 move heavyslam\n>p1 switch 2\n>p1 move closecombat\n>p2 move headsmash dynamax\n>p1 switch 3\n>p1 move dragondance\n>p2 move earthquake dynamax\n>p1 move earthquake dynamax\n>p2 move earthquake dynamax\n>p1 switch 4\n>p1 move machpunch\n>p2 move earthquake\n>p2 switch 6\n>p1 move facade\n>p2 switch 3\n>p1 move machpunch\n>p2 move aquajet\n>p1 move facade\n>p2 move aquajet\n>p2 switch 3\n>p1 move drainpunch\n>p2 move extremespeed\n>p1 move drainpunch\n>p2 move flareblitz\n>p1 switch 6\n>p1 move moonblast\n>p2 move willowisp\n>p1 move moonblast\n>p2 move morningsun\n>p1 move bodypress\n>p2 move morningsun\n>p1 move moonblast\n>p2 switch 5\n>p1 move bodypress\n>p2 move leechseed\n>p1 move bodypress\n>p2 move psychic\n>p1 move lightscreen\n>p2 move substitute\n>p1 switch 5\n>p1 move hypervoice\n>p2 move leechseed\n>p1 move calmmind\n>p2 move sleeppowder\n>p1 move calmmind\n>p2 move sleeppowder\n>p1 move hypervoice\n>p2 move sleeppowder\n>p2 switch 5\n>p1 move hypervoice\n>p2 move willowisp\n>p1 move hypervoice\n>p2 move morningsun\n>p1 move calmmind\n>p2 move morningsun\n>p1 move wish\n>p2 move flareblitz", "uploadtime": 1685544511, "views": 4, "p1id": "erlam", "p2id": "lijing0520", "formatid": "gen8randombattle", "rating": 1227, "private": 0, "password": ""}